2861 4550
0 486 16 567 Τί

499 367 620 448 282
765 376 769 379 *
1075 363 1080 367 ’
1165 380 1357 434 menn
1381 379 1626 435 xxxw.
1687 381 1937 436 cAP.14.
2273 393 2284 426 ·.
2388 361 2661 440 55559

423 556 453 607 3
497 538 841 618 apparuisse
879 537 1208 599 Romanum
1253 536 1585 599 discurrere
1628 537 1743 617 ipsi
1782 538 1854 599 ad
1893 544 2070 600 arma.
2132 536 2365 599 interim
2394 539 2616 600 'consul

496 624 685 704 apud,
691 640 833 684 suos
872 641 1206 703 „nusquam
1244 623 1362 683 nisi
1397 622 1461 683 in
1501 622 1712 684 virtute
1748 641 1885 702 spes
1915 635 2030 697 est,
2057 623 2330 698 milites,
2325 641 2329 645 ’
2333 624 2564 703 Ηίηιιιιίῑ
2578 631 2616 657 “

422 721 455 770 4
497 717 554 769 et
590 727 698 787 ego
738 671 974 781 sedulo,
1014 726 1092 769 ne
1127 715 1308 781 esset,
1345 708 1474 768 feci.
1533 706 1684 769 inter
1723 716 1909 770 castra
1946 716 2151 771 nostra
2190 716 2248 770 et
2285 727 2397 770 nos
2426 709 2616 771 medii

495 796 695 855 hostes
734 800 792 854 et
820 794 892 856 ab
922 802 1086 873 tergo
1116 793 1378 854 hostium
1406 811 1545 871 ager
1574 804 1691 854 est.-
1740 793 1901 872 quod
1930 794 2416 876 pulcherrimum,
2454 794 2614 855 idem

496 879 879 957 tutissimum,
903 880 975 940 in
1004 879 1214 939 virtute
1243 896 1407 958 spem
1429 877 1685 957 positum
1705 877 1980 941 habereff‘
2039 879 2164 940 sub
2171 880 2331 941 haec
2337 881 2615 940 cohortes

422 982 453 1030 5
493 965 673 1044 recipi
717 964 903 1038 iubet,
949 971 1014 1024 ut
1062 963 1339 1024 barbaros
1381 963 1763 1025 simulatione
1803 965 1971 1043 fugae
2011 964 2258 1026 eliceret.
2323 964 2409 1038 id,
2452 966 2615 1044 quod
2686 989 2691 992 ’
2726 969 2731 975 ’

497 1049 847 1122 crediderat,
893 1044 1104 1110 evenit.
1164 1047 1540 1129 pertimuisse
1590 1056 1647 1109 et
1697 1049 1903 1111 cedere
1948 1050 2070 1111 rati
2100 1050 2404 1110 Romanos
2443 1058 2615 1129 porta

495 1142 812 1214 erumpunt
841 1141 897 1194 et
936 1140 1214 1213 quantum
1245 1133 1397 1195 inter
1427 1141 1619 1196 castra·
1643 1152 1748 1196 sua
1778 1142 1836 1196 et
1858 1135 2039 1196 aciem
2058 1134 2325 1196 hostium
2347 1134 2614 1197 relictum

420 1243 451 1292 6
494 1227 617 1281 erat
643 1219 756 1280 loci
782 1219 1026 1296 ⁴armatis
1045 1218 1357 1297 complent.
1418 1219 1559 1280 dum
1589 1219 1882 1298 trepidant
1909 1220 2031 1281 acie
2058 1220 2428 1293 instruenda,
2468 1237 2616 1280 con-

381 1368 385 1373 ,
496 1304 588 1365 sul
632 1304 747 1364 iam
786 1303 1002 1382 paratis
1042 1304 1440 1384 ordinatisque
1479 1304 1754 1366 omnibus
1790 1305 2223 1384 incompositos
2262 1304 2615 1384 adgreditur.

497 1388 720 1468 equites
751 1389 979 1469 primos
1012 1388 1083 1449 ab
1113 1397 1362 1468 utroque
1392 1407 1579 1451 cornu
1605 1389 1665 1451 in
1694 1407 1951 1469 pugnam
1982 1390 2190 1451 educit.
2248 1391 2353 1451 sed
2380 1390 2443 1451 in
2471 1390 2616 1451 dex-

498 1482 588 1534 tro
620 1474 910 1552 extemplo
940 1474 1112 1554 pulsi,
1140 1475 1526 1553 cedentesque
1553 1474 1764 1554 trepidi
1795 1476 1965 1536 etiam
1994 1475 2179 1556 pediti
2205 1482 2493 1537 terrorem
2520 1476 2617 1536 in-

422 1579 450 1626 7
494 1559 692 1619 tulere.
752 1560 909 1638 quod
951 1560 1048 1621 ubi
1088 1561 1294 1621 consul
1333 1559 1499 1633 vidit,
1540 1560 1685 1621 duas
1718 1561 1993 1622 cohortes
2026 1561 2274 1623 delectas
2306 1560 2377 1622 ub
2408 1561 2617 1622 dextro

492 1646 665 1705 latere
695 1644 957 1706 hostium
989 1645 1348 1707 circumduci
1377 1644 1538 1706 iubet
1577 1655 1635 1705 et
1670 1645 1741 1706 ab
1770 1653 1933 1724 tergo
1965 1664 2030 1706 se
2056 1646 2384 1718 ostendere,
2415 1645 2616 1726 prius-

419 1753 450 1803 8
493 1748 667 1809 quam
708 1740 1123 1792 concurrerent
1161 1730 1421 1810 peditum
1462 1730 1631 1791 acieS.
1691 1731 1740 1791 is
1779 1739 1972 1792 terror
2008 1731 2271 1792 obiectus
2300 1731 2459 1792 hosti
2487 1749 2616 1791 rem

493 1823 654 1876 metu
681 1815 1087 1877 Romanorum
1118 1816 1377 1895 equitum
1407 1815 1753 1885 inclinatam·
1771 1816 2057 1896 aequavit:
2088 1824 2284 1878 tamen
2313 1817 2459 1877 adeo
2484 1823 2617 1877 tur-

494 1901 615 1963 bati
658 1908 821 1961 erant
866 1901 1099 1962 dextrae
1144 1902 1264 1961 alae
1297 1900 1524 1980 pedites
1562 1901 1924 1981 equitesque,
1972 1909 2038 1963 ut
2074 1903 2364 1981 quosdam
2404 1902 2618 1962 consul

422 2002 452 2050 9
494 2003 671 2046 manu
715 1984 846 2065 ipse
888 1986 1255 2065 reprenderit
1292 1985 1645 2065 verteritque
1687 1986 1749 2047 in
1792 1987 2044 2048 hostem.
2114 1987 2191 2048 ita
2236 1994 2294 2046 et
2334 1985 2617 2066 quamdiu

493 2071 817 2132 missilibus
863 2078 1184 2149 pugnatum
1225 2079 1339 2144 est,
1378 2089 1596 2151 anceps
1634 2088 1828 2152 pugna
1868 2079 2016 2147 erat3
2054 2079 2112 2133 et
2146 2071 2262 2132 iam
2302 2071 2375 2132 ab
2414 2071 2617 2133 dextra

390 2174 451 2225 10
492 2164 681 2234 parte,
711 2156 868 2216 unde
895 2162 1085 2215 terror
1115 2162 1173 2216 et
1200 2156 1333 2234 fuga
1364 2164 1662 2236 coeperat,
1697 2175 1865 2236 aegre
1892 2158 2196 2219 Romanus
2227 2156 2510 2231 restabat3
2541 2157 2616 2217 ab

492 2240 731 2346 sinistro
764 2256 949 2301 cornu
979 2247 1033 2301 et
1065 2259 1097 2302 a
1127 2241 1322 2302 fronte
1352 2241 1710 2321 urgebantur
1738 2242 1966 2304 barbari
1995 2249 2052 2303 et
2083 2242 2356 2304 cohortes
2391 2261 2425 2329 a
2445 2248 2615 2322 tergo

491 2411 801 2460 wohnenden
834 2408 1053 2484 Volkcr,
1087 2354 1497 2466 wuhrsobeinlich

490 2479 569 2528 die
601 2476 878 2541 Indigeten.
902 2505 971 2515 -——-
999 2480 1121 2547 ipsi,
1158 2480 1221 2529 da
1249 2478 1366 2529 kein
1392 2479 1496 2531 Ge·—

490 2553 700 2609 gensatz
724 2546 784 2595 da
800 2547 902 2609 ist,
926 2562 1064 2597 muss
1087 2547 1190 2597 wol
1213 2550 1303 2598 mit
1325 2548 1499 2598 Duker

488 2617 550 2663 et·
567 2615 673 2681 ipsi
702 2612 905 2677 gelesen
941 2615 1159 2665 werden.
1190 2641 1259 2653 —-
1301 2620 1354 2666 et
1382 2632 1493 2681 ego,

487 2682 586 2731 und
620 2697 759 2732 zwar
784 2699 832 2733 ιι.
858 2698 899 2732 s.
923 2698 1014 2748 w„
1047 2699 1192 2736 wenn
1226 2684 1408 2734 anders
1434 2684 1492 2734 L.

486 2767 543 2800 so
569 2751 894 2813 geschrieben
930 2752 1040 2813 δαῖς
1064 2752 1154 2802 Διίἰιι
1180 2752 1347 2802 Bamb.
1370 2751 1492 2802 Hds.

485 2820 572 2868 hat
605 2819 671 2868 im
702 2818 846 2883 Folg.
881 2835 977 2869 nur
1006 2837 1072 2871 ne
1104 2824 1275 2871 essent
1305 2824 1494 2870 castra.

485 2887 615 2937 Dass
659 2885 781 2938 Cato
825 2886 1117 2938 Celtiberer
1148 2889 1196 2937 iu
1240 2887 1362 2937 Sold
1409 2903 1498 2951 ge·-

486 2971 711 3008 nommen
760 2956 909 3019 habe,
966 2956 1196 3006 erwiibnt
1237 2955 1495 3019 Plutarch,

485 3024 621 3073 viell.
641 3025 890 3089 desselbe,
908 3024 1091 3074 wasL.
1112 3040 1155 3073 c.
1180 3023 1259 3088 19,
1285 3023 1378 3073 2ff.
1403 3020 1494 3073 be·-

397 3089 400 3092 ’
484 3088 683 3143 richtet.
710 3121 778 3130 —-
803 3092 939 3157 quod
960 3095 1074 3153 tut„
1096 3092 1200 3155 vgl.
1228 3091 1345 3141 Tac.
1368 3091 1493 3155 Agr.

484 3160 571 3210 30:
615 3175 748 3227 quae
771 3162 1003 3226 fortibus
1039 3160 1277 3224 honesta,
1319 3160 1493 3211 eadem

484 3233 637 3279 ettam
669 3231 869 3294 ignavis·
902 3231 1178 3278 tutissima.
1203 3253 1272 3263 --
1295 3227 1494 3278 Anders

484 3298 628 3348 stellt
651 3297 853 3374 Appian
878 3295 959 3344 die
985 3294 1145 3346 Sache
1181 3296 1286 3345 dar.
1312 3323 1381 3332 —-
1412 3311 1496 3347 re-

486 3367 602 3433 cipi,
628 3365 783 3414 durch
806 3362 888 3413 die
914 3362 1284 3412 Befehlshaber.

554 3432 723 3480 5—7.
766 3433 1011 3499 pertint„
1042 3430 1179 3480 seien
1225 3431 1273 3480 in
1316 3445 1495 3494 grosse

485 3500 678 3549 Furcbt
707 3500 964 3562 geratben.
990 3525 1059 3535 —-
1090 3503 1263 3565 quant.
1287 3497 1415 3561 loci,
1451 3516 1491 3550 s.

490 3569 534 3629 1,
564 3565 731 3629 12,1;
757 3566 878 3616 Tac.
904 3566 963 3615 Η.
986 3566 1033 3630 3,
1059 3566 1125 3617 29
1147 3574 1281 3618 extr.
1300 3582 1495 3618 -acze

441 3650 446 3655 ’
484 3638 653 3695 iactr„
682 3600 763 3699 33,
788 3633 837 3697 3,
863 3634 911 3684 6.
929 3660 997 3684 ε·-
1017 3638 1251 3687 omnibus
1273 3636 1342 3687 ist
1357 3635 1497 3687 Neu-

486 3710 643 3834 32⁰2·
659 3729 734 3808 Ξ
747 3718 1038 3839 mztis·
1067 3703 1174 3823 {la-
1180 3704 1494 3837 ‚²312021’11333

484 3841 877 3903 Aeusserungen
912 3840 1139 3902 c.1,5
1184 3843 1351 3906 wenig
1384 3849 1497 3893 ent-

486 3909 779 3976 spreehend.
797 3908 1075 3959 —oedent.
1097 3913 1180 3972 tr„
1208 3908 1289 3972 31,
1309 3911 1390 3978 41,
1415 3909 1494 3960 11.

482 3977 779 4028 -delectas
779 3977 908 4045 ,.vgl
922 3993 965 4027 c.
981 3977 1062 4040 20,
1078 3977 1139 4040 5,
1160 3949 1209 4041 2,
1226 3978 1301 4044 11,
1312 3978 1367 4040 8,
1390 3979 1494 4042 vgl.

485 4046 533 4113 9,
563 4044 642 4115 37,
668 4045 717 4096 8.
742 4047 896 4101 -ab
930 4046 1144 4116 dextra,
1176 4062 1276 4097 von
1299 4074 1368 4085 --
1390 4061 1501 4113 aus,

1606 2414 1759 2463 daran
1793 2413 1904 2478 bin,
1945 2411 2085 2463 viell.
2119 2410 2353 2461 dasselbe
2393 2411 2493 2461 wie
2531 2392 2615 2463 bei

1605 2479 1797 2534 ChariS.
1823 2498 1888 2531 zu
1912 2480 1946 2548 ξ
1976 2481 2026 2531 1:
2051 2484 2267 2532 nostroe
2280 2505 2348 2517 ——
2367 2483 2536 2550 parte.

1673 2547 1875 2600 8—1.1
1922 2564 2033 2600 rem
2064 2575 2134 2586 -
2172 2563 2383 2615 aequem.
2395 2584 2411 2613 ‚
2431 2547 2614 2610 gleicb

1602 2616 1923 2681 bedenklicb,
1956 2615 2252 2681 gel'ahrlich.
2277 2641 2346 2656 --
2369 2616 2483 2672 alae
2505 2630 2614 2666 was

1604 2683 1637 2751 ξ
1657 2684 1688 2751 6
1710 2700 1873 2737 cornu
1896 2700 2029 2747 war-3
2054 2683 2181 2734 iiber
2203 2684 2289 2735 ala
2305 2683 2440 2753 ped„
2467 2699 2508 2734 s.
2528 2678 2613 2748 31,

1602 2752 1685 2816 21,
1712 2753 1759 2802 ’7.
1783 2752 2126 2833 -νσρνωιιίη
2150 2753 2253 2816 vgl.
2281 2752 2329 2816 8,
2355 2751 2404 2817 6,
2433 2751 2537 2802 lu.
2563 2766 2611 2801 a.

1602 2821 1693 2882 ita,
1711 2835 1859 2871 wenn
1878 2837 1935 2872 es
1953 2821 2135 2884 ricbtig
2151 2821 2235 2884 ist,
2240 2836 2312 2872 es
2331 2820 2489 2872 findet
2506 2820 2613 2869 sich

1605 2903 1698 2937 nur
1730 2889 1778 2938 in
1813 2890 1904 2939 der
1933 2891 2059 2939 auch
2089 2889 2154 2938 im
2168 2859 2493 2951 VVorbergeb
2517 2888 2613 2938 ab-

1602 2956 1922 3007 weichenden
1948 2958 2177 3008 Mainzer
2200 2956 2347 3018 Eds,
2381 2957 2502 3020 geht
2527 2956 2621 3006 auf

1601 3028 1833 3090 aequmaeit
1853 3026 2042 3076 zuriick
2054 3064 2069 3091 ,
2098 3025 2198 3074 und
2216 3025 2312 3075 das
2334 2993 2479 3087 '1⁴³013.
2512 3024 2614 3074 soll

1602 3092 1771 3143 dieses
1807 3093 2079 3144 ausfulrren
2110 3093 2170 3142 in
2214 3091 2485 3143 Riicksicht
2525 3091 2620 3142 auf

1603 3163 1697 3210 den
1717 3159 1906 3228 Rumpf
1923 3163 2016 3213 der
2037 3161 2399 3227 Fusstruppeu,
2420 3161 2612 3211 dessen

1602 3229 1787 3292 Begiun
1811 3230 1937 3280 nach
1961 3230 2073 3280 dem
2097 3229 2469 3294 misslungeuen
2494 3227 2615 3278 Rei·-

1602 3297 1871 3363 tel-angriff
1886 3298 1978 3349 mit
2000 3293 2243 3364 quamdiu
2261 3323 2333 3336 -—-
2344 3313 2505 3366 pugn.
2533 3301 2637 3347 est⁴

1601 3365 1897 3416 bezeichnet
1935 3365 2093 3427 wir-d,
2133 3367 2222 3415 da
2236 3366 2286 3415 in
2323 3364 2615 3415 demselbeu

1594 3432 1745 3497 jeder
1797 3433 1965 3484 Theil
1994 3434 2150 3484 scine
2193 3432 2461 3484 Vortbeile
2511 3434 2632 3483 und-

1600 3501 1894 3553 Nachtbeile
1918 3504 2076 3552 batte.
2098 3529 2167 3539 —
2191 3505 2244 3551 et
2261 3504 2369 3552 iam
2402 3508 2526 3566 etc„
2560 3506 2617 3552 et

1602 3571 1798 3621 scheint
1822 3571 1958 3621 nicht
1981 3570 2093 3620 dem
2126 3570 2428 3633 vorbergeb.
2462 3574 2516 3621 et
2546 3583 2613 3620 zu

1602 3639 2034 3705 correspondit-en,
2048 3638 2265 3688 scudem
2277 3637 2388 3688 eine
2398 3638 2613 3688 weitere

1601 3706 1986 3770 Eutwickelung
2016 3722 2117 3757 von
2149 3722 2335 3776 mceps
2370 3706 2616 3757 eiuzulei-

1600 3781 1714 3836 ten3
1743 3776 1837 3824 ein
1847 3779 1900 3826 et
1921 3774 2163 3841 quamdiu
2187 3773 2612 3841 entsprecbendes

1603 3846 1655 3893 et
1675 3810 1864 3893 k’iinnte
1892 3858 2004 3893 man
2037 3844 2158 3893 eber
2188 3857 2283 3893 vor
2315 3847 2397 3893 ut·
2404 3846 2614 3895 ernis-ds

1603 3918 1875 3962 erwarten.
1915 3940 1981 3948 ——
2027 3914 2090 3962 ab
2130 3914 2255 3975 sin„
2297 3925 2397 3962 von
2440 3912 2614 3962 daber.

1603 3995 1639 4029 a
1654 3980 1848 4044 flente,
1874 3996 1921 4029 n.
1942 3980 2022 4030 bis
2042 3994 2104 4030 au
2124 3980 2204 4029 die
2224 3949 2396 4044 S’telle,
2421 3994 2503 4029 wo
2530 3981 2613 4030 die

1605 4048 1785 4100 dextra
1807 4049 1889 4098 ela
1915 4048 2081 4098 stands
2102 4074 2172 4087 —-
2202 4049 2463 4117 respicieb.
2476 4083 2493 4112 ,
2530 4062 2616 4099 su-
