2861 4550
1206 387 1400 438 LIBER
1435 385 1679 439 XXXIV.
1737 386 1877 439 CAP.
1898 386 1981 438 62.
2428 411 2470 439 a.
2491 410 2534 440 u.
2554 399 2649 440 561.

543 390 666 452 350

383 562 389 566 ·
439 562 501 612 10
543 560 777 603 causam
827 541 1186 612 tutabantur,
1237 541 1392 620 quod
1442 541 1590 601 intra
1638 560 1741 602 eos
1779 541 2063 603 terminos
2104 547 2281 612 esset,
2330 539 2542 618 quibus
2585 538 2652 599 P.

437 991 490 1039 11

436 1239 495 1289 12

439 1412 496 1462 13

436 1839 490 1886 14

434 2095 493 2143 15

545 627 743 706 Scipio
781 627 968 688 victor
1004 645 1233 706 agrum,
1271 628 1371 705 qui
1406 626 1550 687 iuris
1588 635 1742 687 esset
1772 625 2365 704 Carthaginiensium,
2406 624 2652 696 finisset,

542 721 599 773 et
627 712 996 773 consessione
1026 713 1203 790 regiS,
1236 712 1355 789 qui,
1379 730 1512 772 cum
1536 711 1880 789 Aphthirem
1904 711 2219 791 profugum
2244 730 2312 771 ex
2334 728 2515 790 regno
2541 729 2650 771 suo

542 817 676 859 cum
720 805 883 877 parte
926 797 1305 858 Numidarum
1350 804 1651 874 vagantem
1695 797 1844 858 circa
1889 798 2142 876 Cyrenas
2193 803 2657 875 persequeretur,
2750 801 2757 805 “

544 883 803 964 precario
837 883 909 944 ab
941 902 1007 944 se
1036 882 1145 944 iter
1175 900 1280 961 per
1310 900 1446 943 eum
1476 881 1668 961 ipsum
1711 901 1914 961 agrum
1953 888 2249 960 tamquam
2290 881 2444 942 haud
2485 880 2658 940 dubie

539 967 1097 1047 Carthaginiensium
1143 966 1286 1028 iuris
1330 966 1590 1046 petisset.
1677 967 1960 1028 Numidae
2012 978 2071 1027 et
2122 967 2192 1027 de
2246 963 2658 1028 terminatione

541 1052 835 1133 Scipionis
866 1052 1100 1114 mentiri
1130 1072 1233 1114 eos
1264 1052 1580 1130 arguebant
1609 1062 1691 1126 et,
1723 1053 1773 1113 si
1804 1054 1935 1131 quis
1966 1069 2158 1113 veram
2190 1051 2475 1130 originem
2509 1049 2656 1112 iuris

539 1139 763 1220 exigere
792 1138 977 1212 vellet,
1008 1157 1180 1217 quem
1214 1138 1523 1217 proprium
1553 1157 1754 1217 agrum
1789 1136 2346 1216 Carthaginiensium
2377 1136 2437 1196 in
2468 1136 2660 1198 Africa

538 1222 715 1286 esse?
745 1225 999 1298 adveniS,
1031 1233 1310 1303 quantum
1344 1231 1506 1284 secto
1530 1223 1697 1284 bovis
1721 1231 1884 1302 tergo
1910 1221 2179 1302 amplecti
2202 1220 2314 1283 loci
2338 1221 2658 1301 potuerint,

539 1318 763 1371 tantum
790 1310 861 1370 ad
886 1310 1088 1371 urbem
1115 1308 1627 1370 communiendam
1653 1308 1915 1387 precario
1941 1309 2159 1369 datum.
2200 1306 2480 1387 quidquid
2504 1307 2658 1369 Bur-

542 1415 667 1455 sam
695 1396 892 1456 sedem
918 1413 1085 1456 suam
1110 1394 1483 1464 excesserint,
1513 1394 1568 1453 vi
1591 1402 1762 1473 atque
1785 1393 1991 1455 iniuria
2016 1401 2250 1473 partum
2274 1392 2502 1454 habere.
2550 1411 2660 1454 ne-

538 1500 649 1560 que
678 1500 831 1553 eum,
865 1481 936 1542 de
968 1499 1083 1560 quo
1114 1480 1316 1559 agitur,
1346 1480 1596 1559 probare
1626 1499 1729 1541 eos
1753 1498 1933 1560 posse
1956 1497 2078 1540 non
2102 1479 2280 1540 modo
2306 1497 2559 1557 semper,
2593 1497 2660 1539 ex

539 1586 654 1645 quo
688 1566 1002 1645 coeperint,
1031 1566 1133 1627 sed
1165 1585 1240 1626 ne
1272 1565 1371 1625 diu
1402 1565 1639 1644 quidem
1670 1562 1772 1627 eos
1804 1565 2161 1645 possedisse.
2208 1582 2313 1644 per
2343 1564 2659 1644 oportuni-

543 1661 687 1713 tates
718 1669 876 1712 nunc
906 1652 1034 1713 illos
1064 1668 1223 1712 nunc
1250 1669 1418 1745 reges
1451 1650 1837 1712 Numidarum
1877 1668 2197 1728 usurpasse
2226 1650 2346 1723 ius,
2389 1668 2659 1728 semper-

505 1756 648 1817 ⁴que
686 1754 866 1815 penes
909 1755 1042 1797 eum
1085 1735 1521 1816 pessessionem
1565 1735 1774 1812 fuisse,
1815 1734 1911 1814 qni
1951 1735 2082 1814 plus
2126 1735 2303 1795 armis
2346 1735 2659 1813 potuisset.

538 1822 702 1882 cuius
736 1821 1099 1882 condicionis
1130 1839 1224 1880 res
1255 1819 1455 1892 suerit,
1488 1820 1828 1900 priusquam
1860 1820 2062 1881 hostes
2095 1818 2378 1881 Romanis
2411 1820 2661 1881 Cartha-

538 1906 852 1985 ginienses,
885 1905 1082 1967 socius
1114 1915 1284 1984 atque
1313 1904 1536 1966 amicus
1556 1924 1665 1966 ‘rex
1696 1905 2081 1966 Numidarum
2112 1912 2295 1975 esset,
2338 1903 2474 1965 eius‘
2493 1904 2663 1966 sine-

535 2000 667 2053 rent
696 2011 846 2065 esse,
877 2010 987 2052 nec
1015 2010 1080 2050 se
1110 1990 1571 2069 interponerent,
1601 2010 1716 2070 quo
1748 1991 1971 2064 minus,
2011 1990 2109 2070 qui
2139 1998 2371 2069 posset,
2409 1997 2658 2052 teneret.

538 2076 884 2156 responderi
906 2074 1105 2155 legatis
1128 2074 1436 2153 utriusque
1457 2076 1641 2155 partis
1666 2076 1879 2156 placuit
1902 2076 2194 2137 missuros
2217 2074 2360 2136 sein
2378 2074 2660 2149 Africam,
2702 2138 2723 2155 ⁵

535 2278 1304 2348 rarent5c.31,11.premunt
1320 2283 1548 2331 —esset

538 2367 585 2401 n.
606 2365 752 2416 ager.
769 2346 1269 2417 -quibueSeipws
1292 2347 1374 2413 30,
1396 2348 1478 2408 37,
1493 2348 1542 2410 2,

534 2418 796 2469 vielleicht
824 2432 998 2468 waren
1030 2418 1110 2467 die
1145 2416 1378 2468 Grenzen
1410 2417 1546 2467 nicht

538 2502 597 2536 so
620 2486 873 2537 bestimmt
897 2500 1146 2567 gezogen‚
1173 2501 1214 2536 s.
1240 2484 1273 2551 ξ
1303 2485 1359 2535 11
1390 2502 1440 2535 ιι.
1462 2485 1542 2534 bei

537 2554 716 2621 Polyb.
737 2571 800 2604 zu
819 2552 919 2619 §5
946 2548 1265 2623 ἆποδειχθη
1272 2554 1543 2622 σομένων.

532 2650 604 2661 —-
632 2624 768 2674 iuris
798 2644 870 2665 =
900 2620 1130 2674 dicionis.
1170 2650 1238 2660 —
1279 2621 1541 2700 Aphthzr„

533 2686 1003 2760 Ρο1γ1ι.Ἀφθῆρα,
1022 2689 1433 2741 wahrscheinlich
1458 2688 1538 2738 ein

533 2760 867 2810 numidischer
906 2761 1124 2826 Dyuast,
1164 2758 1341 2810 Vasall
1381 2755 1532 2806 Masi-

534 2830 714 2893 nissas,
739 2830 832 2879 der
855 2844 952 2878 von
977 2828 1074 2877 ihm
1098 2826 1377 2891 abgefallen
1401 2840 1537 2886 war3

533 2896 709 2963 Polyb.
737 2891 1151 2958 ἆποστάτην.-
1105 2897 1311 2946 -eirea
1336 2892 1540 2961 Cyrea„

533 2967 700 3015 dieses
747 2965 833 3015 hat
878 2962 1055 3028 Polyb.
1107 2963 1269 3024 nicht3
1331 2962 1388 3012 L
1454 2963 1541 3011 hat

531 3032 941 3083 wahrscheinlich
965 3046 1026 3080 an
1051 3031 1140 3080 das
1164 3030 1411 3080 bekannte
1437 3029 1536 3096 Cy-

532 3116 682 3151 renae
710 3101 805 3164 (ein
829 3101 1042 3150 anderes
1066 3099 1261 3148 scheint
1293 3098 1343 3147 in
1367 3097 1541 3147 Africa

531 3169 667 3217 nicht
689 3168 920 3218 erwiihnt
948 3183 1012 3216 zu
1036 3167 1278 3230 werden),
1304 3166 1383 3215 die
1408 3164 1542 3216 Ver-

530 3234 739 3298 folguug
768 3234 878 3284 also
911 3235 987 3285 als
1031 3234 1142 3283 eine
1185 3235 1305 3284 sehr
1336 3233 1537 3282 weithin

530 3302 893 3365 beabsichtigte
940 3303 1166 3365 gedacht.
1211 3330 1280 3339 -—
1321 3317 1520 3369 pet-seq.
1510 3337 1540 3364 .,

530 3371 621 3422 Pol
660 3370 733 3421 b.·
777 3366 997 3422 διώκων
1024 3397 1095 3408 —-
1126 3365 1270 3439 μετὰ
1314 3382 1379 3420 στ
1417 3386 1541 3420 ατο-

648 3457 730 3490 ου.
752 3465 823 3478 ·—
844 3441 1101 3508 precor-ie,
1129 3454 1170 3488 ε.
1197 3437 1230 3504 ᾗ
1259 3438 1348 3500 12,
1417 3438 1537 3504 47,

530 3439 612 3557 2.
596 3512 959 3641 Ξ-Ξαιὲιᾳυαιη,
985 3506 1197 3559 Ansicht
1220 3508 1310 3558 des
1334 3474 1538 3573 konigs,

530 3591 573 3625 s,

601 3612 710 3693 1'1-
717 3642 795 3693 12.
823 3649 1080 3696 terminat.
1085 3644 1328 3711 ,wie§9:
1347 3659 1537 3709 agrum

527 3713 836 3780 —finisset.
855 3739 923 3749 -—
945 3717 1077 3779 orlg.
1098 3716 1219 3778 iuva,
1245 3714 1341 3763 den
1364 3712 1536 3762 Grund

528 3783 666 3833 ihrer
689 3781 1173 3846 Rechtsanspriiche.
1200 3808 1269 3818 —
1304 3783 1534 3846 etm‘gere,

526 3852 628 3915 vgl.
648 3867 692 3901 c.
716 3848 799 3915 31,
824 3848 902 3899 17.
922 3865 1221 3915 —quem—
1246 3865 1432 3900 essen.
1456 3851 1535 3898 in-

526 3921 889 3985 ter-rogabant,
913 3931 1021 3967 was
1046 3931 1135 3966 aus
1159 3918 1450 3982 arguebant
1472 3932 1536 3964 zu

525 3989 733 4038 nehmen
768 3987 852 4038 ist.
885 4013 956 4023 ——
990 3983 1250 4050 quidquid,
1293 3984 1374 4049 31,
1405 3984 1449 4044 1,
1476 3984 1534 4044 5,

525 4054 605 4121 21,
631 4055 710 4121 54,
738 4055 786 4106 8.
813 4054 1155 4116 —Bursam,
1190 4053 1278 4102 das
1312 4051 1534 4116 phiinici-

1651 2279 1767 2330 sche
1794 2280 1970 2345 bozra,
2002 2279 2156 2343 Burg,
2182 2279 2434 2345 Altstadt,
2467 2280 2533 2330 im
2564 2280 2664 2332 Ge·

1650 2356 1859 2413 gensatz
1885 2349 2013 2402 dazu
2044 2348 2113 2398 ist
2136 2347 2408 2412 Carthago,
2444 2348 2661 2401 Cartha·

1723 2417 2045 2479 ,Neustadt3
2089 2416 2182 2468 Sil.
2215 2415 2276 2467 It.
2302 2416 2349 2477 2,
2377 2415 2497 2467 406:
2543 2434 2663 2470 con-

1650 2485 1802 2536 debat
1827 2487 2027 2553 primae
2055 2484 2188 2535 Dido
2217 2483 2547 2551 Carthaginis
2571 2503 2660 2538 ar-

1649 2569 1748 2604 ees,
1798 2553 1888 2603 Die
1913 2568 2072 2617 ganze
2097 2553 2225 2616 Sage
2259 2552 2438 2634 kniipft
2460 2554 2574 2604 sich
2598 2569 2660 2606 an

1650 2622 1731 2671 die
1756 2622 2065 2684 griechische
2089 2620 2239 2672 Form
2261 2616 2465 2693 βύρσα,
2500 2623 2659 2673 durch

1647 2689 1726 2739 die
1785 2690 1941 2739 bozra
1988 2690 2401 2753 wieder-gegeben
2462 2692 2659 2753 wurde,

1646 2758 1750 2875 xgl.
1761 2755 2146 2891 1111s1333118„53
2172 2758 2307 2809 vell.
2336 2758 2380 2818 1,
2407 2758 2465 2854 6;
2499 2756 2661 2824 Verg.

1696 2841 1756 2874 en
1996 2843 2026 2875 u
2069 2841 2117 2876 a.

1719 2892 1935 2943 13—14.
1980 2911 2142 2960 neque
2163 2921 2231 2931 -—
2253 2895 2353 2945 non
2384 2893 2542 2946 modo
2574 2911 2663 2959 ge·-

1648 2961 1766 3011 hort
1788 2976 2089 3012 zusammen.
2114 2990 2183 3000 —-·
2204 2961 2268 3012 de
2292 2978 2390 3027 quo
2413 2978 2518 3028 ag„
2546 2979 2589 3013 s.
2615 2980 2660 3013 c.

1649 3028 1740 3093 58,
1773 3030 1822 3079 5.
1847 3056 1917 3066 -
1956 3046 2020 3080 ne
2061 3029 2151 3081 diu
2191 3029 2359 3095 (μιᾶς
2404 3029 2656 3095 Carthago

1649 3098 1811 3148 selbst
1845 3112 1951 3148 war
1989 3098 2134 3161 lange
2177 3098 2271 3147 den
2314 3099 2658 3149 numidischen

1649 3164 1871 3230 Kiinigen
1899 3165 2101 3215 zinsbar
2123 3180 2385 3231 gewesen,
2411 3182 2454 3217 s.
2479 3165 2658 3218 lustin.

1652 3234 1730 3296 19,
1761 3235 1805 3298 1,
1833 3234 1887 3284 3.
1921 3234 2166 3284 adversus
2196 3234 2368 3299 Afros
2398 3261 2468 3272 —-
2499 3239 2658 3286 vec&-

1643 3273 1739 3368 ga’l
1755 3317 1855 3371 pro
1877 3302 1985 3353 solo
2010 3303 2155 3353 urbis
2176 3329 2246 3339 —
2266 3306 2553 3371 repetentes
2577 3303 2660 3355 di-

1646 3373 1915 3434 micatum;
1965 3369 2031 3420 ib.
2058 3369 2106 3431 2,
2132 3370 2187 3420 4.
2237 3370 2371 3436 Afri
2405 3371 2662 3440 compulsi

1647 3438 1956 3507 stipendium
1993 3440 2138 3490 urbis
2171 3438 2406 3489 conditae
2440 3438 2657 3491 Cartha-

1640 3508 1963 3573 giniensibus
2020 3508 2306 3569 remittere,
2364 3507 2502 3557 hatte
2551 3509 2659 3558 sich

1644 3575 1768 3625 aber
1790 3576 1918 3625 daun
1943 3574 2127 3625 befreit
2150 3575 2248 3624 und
2268 3575 2358 3625 das
2376 3574 2518 3626 Laud
2543 3592 2659 3626 zum

1643 3643 1788 3693 Theil
1813 3643 2124 3706 heherrscht‚
2151 3657 2193 3693 ε.
2217 3658 2282 3693 zu
2305 3640 2338 3707 ᾗ
2363 3641 2422 3702 3;
2448 3641 2658 3694 Movers

1645 3711 1770 3773 397,
1791 3712 1965 3761 451.—
1990 3728 2076 3762 eos
2096 3710 2305 3780 possed.
2329 3727 2443 3762 vom
2469 3711 2658 3762 Stand-

1644 3779 1829 3845 punkte
1855 3781 1943 3830 des
1968 3777 2176 3843 Konigs,
2203 3794 2246 3828 s.
2272 3779 2355 3841 31,
2385 3779 2463 3843 11,
2490 3780 2571 3830 12.
2588 3807 2659 3817 —

1640 3863 1735 3915 per
1754 3864 1834 3966 (ἔρ.
1853 3864 2097 3983 —32113131-
2110 3863 2206 3966 ηιξ.
2222 3864 2267 3898 c.
2279 3847 2361 3911 58,
2378 3846 2458 3897 10.
2479 3863 2657 3899 —nec

1640 3937 1710 3959 =
1732 3933 1760 3965 e
1804 3932 1882 3978 ne,

1714 3983 1928 4034 15—18.
1975 3954 2294 4052 responderi,
2320 3984 2399 4034 die
2428 3983 2657 4034 Gesand-

1642 4059 1726 4102 ten
1771 4051 1926 4102 haben
1971 4053 2076 4102 sich
2118 4052 2359 4103 eutfernt.
2390 4081 2460 4090 —
2497 4054 2555 4102 in
2596 4067 2658 4103 re
