2861 4550
313 411 354 439 a..
377 398 461 440 Gh.
481 396 575 438 195.

938 380 1130 434 menn
1163 379 1404 435 xxxin.
1461 382 1601 435 cAP.
1628 383 1711 434 47.
1737 383 1823 434 48.
1883 361 1922 403 -*

2306 382 2429 445 253

313 539 595 601 adventus
634 537 751 598 dici
788 536 1087 599 iusserunt
1126 537 1355 600 venisse
1395 556 1460 598 se
1503 538 1575 598 ad
1618 536 2071 609 controversias,
2114 556 2259 617 quae
2296 556 2428 598 cum
2474 555 2504 605 8

312 623 618 686 Masinissa
648 640 784 702 rege
804 622 1190 685 Numidarum
1215 622 1787 703 Carthaginiensibus
1813 632 2028 695 essent,
2062 623 2432 684 dirimendas.

314 711 375 771 id
415 709 701 771 creditum
740 709 942 789 vulgo:
983 726 1167 769 unum
1198 708 1581 770 Hannibalem
1621 727 1685 769 se
1725 708 1843 788 peti
1882 707 1955 768 ab
1989 708 2271 769 Romanis
2310 725 2432 769 non
2475 724 2505 772 9

315 794 564 868 fallebat,
596 802 655 856 et
680 795 760 856 ita
781 811 987 874 pacem
1010 794 1584 874 Carthaginiensibus
1608 796 1798 855 datam
1823 812 1972 867 esse,
2001 801 2067 855 ut
2088 793 2435 873 inexpiabile

313 881 529 942 bellum
558 880 837 942 adversus
868 899 934 941 se
961 897 1148 942 unum
1176 887 1455 942 maneret.
1512 880 1704 959 itaque
1727 879 1932 940 cedere
1954 879 2207 959 tempori
2229 887 2287 940 et
2309 880 2433 939 l'or-
2480 888 2543 937 10

312 974 491 1027 tunae
521 965 749 1039 statuit,
786 975 842 1026 et
870 966 1228 1045 praeparatis
1257 965 1374 1026 iam
1404 974 1538 1027 ante
1568 965 1841 1027 omnibus
1871 964 1940 1025 ad
1971 965 2195 1042 fugam,
2228 965 2428 1026 obver-

315 1060 476 1114 satus
506 1070 579 1112 eo
609 1051 701 1112 die
730 1051 792 1111 in
822 1052 951 1113 foro
983 1047 1325 1113 avertendae
1347 1050 1705 1130 suspicionis
1727 1069 1919 1125 causa,
1949 1049 2155 1129 primis
2181 1049 2437 1111 tenebris

314 1138 524 1199 vestitu
562 1137 781 1198 forensi
827 1136 899 1197 ad
931 1146 1164 1216 portam
1210 1155 1345 1197 cum
1374 1136 1607 1197 duobus
1638 1136 1952 1197 comitibus
1983 1135 2198 1214 ignaris
2231 1134 2436 1196 consili
2498 1137 2501 1141 ’

313 1231 404 1284 est
440 1240 733 1300 egressus
795 1222 941 1283 Cum
980 1222 1140 1301 equi,
1179 1240 1295 1301 quo
1334 1222 1395 1282 in
1423 1222 1556 1283 loco
1588 1222 1868 1293 iusserat,
1908 1228 2142 1301 praesto
2173 1221 2437 1292 fuissent,
2462 1223 2546 1285 48

312 1317 484 1370 nocte
514 1307 822 1388 Byzacium
849 1343 934 1352 -—
964 1307 1043 1369 ita
1080 1309 1395 1386 regionem·
1421 1307 1714 1387 quandam
1744 1307 1864 1387 agri
1893 1315 2102 1369 vocant
2130 1342 2212 1352 -
2241 1314 2437 1367 trans-

316 1412 575 1474 gressuS,
606 1402 847 1473 postero
880 1393 972 1455 die
1002 1393 1072 1454 ad
1102 1412 1264 1454 mare
1292 1394 1447 1454 inter
1476 1394 1725 1473 Acyllam
1757 1402 1813 1453 et
1837 1393 2136 1471 Thapsum
2168 1391 2240 1454 ad
2270 1409 2438 1453 suam

313 1488 536 1540 turrem
582 1479 860 1558 pervenit.
928 1478 1012 1540 ihi
1061 1498 1195 1541 eum
1246 1485 1445 1557 parata
1497 1479 1897 1557 instructaque
1934 1477 2175 1558 remigio
2215 1477 2441 1557 excepit
2481 1492 2511 1543 2

312 1564 500 1625 navis.
557 1564 634 1624 ita
672 1564 863 1625 Africa
898 1564 1183 1625 Hannibal
1224 1564 1476 1625 excessit
1515 1564 1750 1643 saepius
1789 1563 2011 1644 patriae
2049 1582 2224 1643 quam
2262 1581 2439 1623 suum

319 1657 595 1712 eventum
644 1648 974 1729 miseratus.
1048 1649 1256 1710 eodem
1310 1649 1405 1710 die
1455 1649 1516 1710 in
1561 1649 1859 1711 Cercinam
1903 1649 2154 1710 insulam
2196 1648 2435 1709 traiecit.
2482 1662 2512 1711 3

317 1734 422 1796 uhi
459 1752 594 1796 cum
631 1733 692 1795 in
731 1744 909 1814 portu
938 1744 1114 1796 naves
1143 1735 1361 1814 aliquot
1389 1735 1754 1796 Phoenicum
1786 1734 2082 1796 onerarias
2114 1752 2250 1796 cum
2279 1752 2439 1806 mer-

320 1820 501 1884 cibus,
521 1818 861 1894 invenisset,
901 1828 958 1882 et
984 1821 1059 1882 ad
1088 1838 1387 1900 egressum
1417 1839 1553 1882 eum
1585 1841 1619 1883 e
1646 1838 1791 1882 nave
1820 1838 2149 1882 concursus
2182 1819 2439 1881 salutan-
2477 1870 2485 1877 .

322 2000 663 2066 schriinkung,
700 2003 796 2053 wie
820 2001 854 2069 ξ
880 2004 934 2054 5:
966 2005 1096 2053 satis
1123 2004 1326 2054 habere.

320 2098 391 2109 -
422 2074 639 2137 obversi„
681 2071 785 2121 sich
820 2072 1072 2122 offentlicb
1108 2072 1328 2136 gezeigt‚

318 2138 412 2189 auf
438 2140 547 2189 dem
584 2139 780 2190 Mar-lite
814 2140 1052 2191 verweilt
1081 2141 1247 2205 hatte,
1282 2155 1324 2190 s,

321 2207 402 2271 34,
429 2207 511 2270 61,
540 2207 600 2269 43
635 2207 850 2260 Iustin.l
886 2210 947 2259 1.:
972 2223 1088 2260 cum
1113 2213 1219 2259 toto
1245 2208 1330 2258 die

316 2278 370 2327 in
396 2277 554 2328 oculis
572 2280 869 2347 principum
893 2305 961 2316 --
980 2281 1035 2328 in
1058 2279 1180 2339 foro
1203 2277 1330 2328 Car-

320 2346 722 2413 thaginiensium
746 2349 1048 2398 obversatus
1069 2348 1125 2395 in
1147 2360 1330 2424 supre-

318 2415 814 2531 ἒῖῗζηίῖηῗᾚξᾱὲῖιὲ
824 2415 1329 2547 ἢᾞᾍᾌῖέἐῗέἔ

322 2548 444 2597 Rom
471 2549 550 2597 die
574 2547 731 2612 Toga)
767 2550 894 2599 wird
926 2550 1022 2599 der
1051 2551 1207 2599 vestis
1239 2549 1330 2598 do-

319 2616 550 2676 mestica,
577 2631 619 2665 s.
647 2616 785 2666 Suet.
811 2616 940 2679 Aug.
965 2615 1054 2681 13,
1082 2632 1150 2674 an
1174 2632 1224 2666 ιι.
1250 2616 1325 2667 St.

320 2684 422 2733 wol
469 2684 562 2733 deu
611 2683 996 2735 Reisekleidern
1050 2691 1329 2749 entgegen-

320 2751 579 2871 gagg-Iti.
614 2822 867 2883 iusserat,
893 2822 1044 2871 sehon
1080 2821 1145 2872 im
1172 2820 1328 2872 Laufe

320 2890 411 2939 des
434 2887 627 2952 TageS,
662 2889 786 2938 oder
808 2888 1107 2955 iiber-haupt:
1142 2889 1328 2941 friiher.

319 2985 388 2995 --
410 2957 612 3024 Byzan„
638 2956 765 3007 Plin.
779 2957 826 3017 5,
839 2956 883 3021 4,
896 2957 986 3007 24:
1011 2960 1089 3008 ita
1108 2958 1332 3026 appella-

323 3030 411 3076 tur
443 3029 588 3090 regio
617 3023 736 3075 CCL
759 3025 828 3075 M.
852 3041 996 3092 pass.
1026 3042 1121 3094 per
1144 3028 1329 3077 circui-

320 3098 447 3155 tum,
466 3093 766 3158 fertilitatis
790 3096 1026 3144 eximiae.
1043 3121 1115 3131 —
1134 3095 1214 3144 hic
1240 3111 1332 3161 op-

318 3162 439 3231 pida
469 3162 627 3211 libera
648 3161 824 3229 Leptis
849 3162 1193 3213 Adrumetum
1220 3162 1329 3213 Ru-

319 3246 346 3279 s
383 3230 472 3278 ina
501 3227 766 3297 Thapsum
800 3229 978 3297 Polyb.
1008 3230 1096 3294 12,
1131 3230 1174 3280 1.
1221 3231 1329 3280 Ehe

367 3296 565 3347 annibal
600 3298 722 3347 nach
759 3299 877 3365 Byz.
914 3299 1048 3363 kam,
1092 3300 1228 3349 hatte
1272 3314 1330 3348 er

322 3366 401 3415 die
421 3366 561 3430 regio
580 3364 875 3431 Zeugitana,
901 3368 950 3417 in
970 3369 1060 3417 der
1079 3367 1326 3431 Carthago

322 3433 485 3484 selbst
520 3433 626 3497 lag,
661 3451 725 3484 zu
758 3436 1013 3501 passiren3
1050 3436 1328 3502 iiber-haupt

322 3502 462 3552 hiitte
505 3517 564 3551 er
602 3502 653 3551 in
695 3504 788 3553 der
822 3503 984 3554 Nacht
1024 3505 1124 3554 und
1165 3505 1327 3554 einem

321 3569 468 3621 Theil
527 3571 616 3620 des
676 3569 795 3634 folg.
856 3568 1021 3636 Tages
1077 3573 1204 3623 iiber
1260 3571 1326 3622 30

320 3639 563 3689 deutsche
595 3636 781 3689 Meilen
816 3640 1151 3702 zuriicklegen
1191 3641 1330 3690 miis·

323 3722 428 3757 sen.
451 3734 522 3744 -
545 3709 811 3773 reg-ionem
834 3725 895 3774 q„
927 3708 1029 3771 vgl.
1053 3708 1136 3772 34,
1161 3707 1244 3771 62,
1270 3707 1325 3758 3:

320 3774 570 3844 Emporia
591 3780 777 3826 vocant
798 3790 910 3825 eam
926 3779 1220 3840 reg-ionem,-
1244 3773 1327 3839 32,

322 3841 402 3907 37,
427 3842 485 3905 2;
510 3843 577 3894 ib.
606 3842 688 3907 33,
715 3843 770 3893 6:
797 3843 1062 3906 Peraeam
1085 3846 1234 3909 regio
1254 3848 1332 3894 cst

320 3914 623 3963 continentie
645 3928 695 3962 ιι.
719 3927 793 3977 a.‚
817 3911 1114 3973 umgekehrt
1137 3911 1218 3978 34,
1246 3911 1327 3976 19,

322 3977 378 4027 9:
400 3993 593 4043 agrum
607 3983 843 4047 integrae
859 3982 1106 4047 regionis.
1124 4007 1193 4017 -—
1209 3982 1332 4045 agri

321 4059 412 4100 aus
437 4046 546 4097 dem
571 4046 1029 4112 zusammenhange
1060 4049 1181 4112 geht
1211 4050 1325 4098 her-

1435 2019 1556 2068 vor,
1597 2005 1714 2055 dass
1754 2005 1842 2054 das
1884 2004 2228 2067 carthagische
2261 2001 2444 2070 Gebiet

1435 2073 1657 2137 gemeint
1702 2073 1796 2135 ἱεῖς
1852 2071 1955 2123 lire
1996 2074 2103 2135 ssig
2157 2072 2443 2123 vermutbet

1435 2142 1569 2206 Afri
1578 2157 1597 2201 ,·
1622 2142 1791 2192 indcss
1818 2150 1931 2205 sagt
1994 2180 2005 2191 .
2027 2141 2102 2191 ost
2118 2144 2301 2192 coeant
2317 2139 2445 2188 ohne

1434 2209 1745 2260 bestimmten
1770 2210 1994 2274 Subjeet,
2018 2209 2175 2273 vgl.c.
2188 2208 2268 2273 41,
2282 2208 2310 2255 7
2325 2223 2339 2268 ς
2362 2205 2444 2269 33,

1440 2277 1520 2339 17,
1534 2278 1595 2339 23
1608 2277 1689 2340 34,
1702 2278 1782 2344 62,
1794 2278 1842 2339 33
1857 2277 1937 2339 38,
1952 2279 2034 2341 40,
2047 2280 2075 2326 5
2092 2294 2105 2339 3
2119 2278 2202 2339 42,
2215 2277 2294 2341 53,
2308 2274 2358 2337 63
2380 2274 2444 2325 ib.

1438 2345 1519 2406 58,
1541 2346 1569 2393 5
1590 2362 1639 2394 u.
1661 2361 1704 2394 a.
1725 2375 1773 2384 —
1791 2346 2039 2412 Acyllam,
2064 2344 2443 2409 (auchAcbolla)

1435 2413 1535 2461 und
1568 2412 1799 2480 Thapsus
1824 2415 1951 2464 zwei
1973 2414 2285 2464 bedeutende
2309 2412 2445 2462 Han-

1437 2481 1742 2544 delsstiidte,
1786 2482 2011 2532 no'rdlich
2045 2498 2142 2532 von
2181 2482 2273 2532 der
2312 2479 2445 2530 Insel

1438 2548 1661 2616 Cercina,
1682 2551 1894 2599 namentl
1903 2551 1977 2599 ich
1995 2564 2104 2600 war
2120 2549 2349 2616 Thapsus
2369 2549 2445 2599 als

1438 2618 1525 2667 das
1562 2617 1701 2667 Eride
1735 2619 1826 2667 der
1858 2618 2152 2668 Secstrasse
2195 2618 2445 2667 zwisehen

1437 2686 1707 2736 Phiinicieu
1720 2686 1818 2735 und
1832 2686 2112 2752 Byzacium,
2125 2686 2278 2734 deren
2289 2685 2446 2734 letzte

1438 2753 1637 2804 Station
1662 2753 1872 2804 Cercina
1901 2767 2033 2813 war,
2071 2755 2188 2802 sehr
2220 2752 2446 2801 besucbt.

1394 2832 1399 2839 ·
1436 2838 1587 2873 suam
1611 2827 1743 2887 ture,
1779 2822 1878 2884 vgl.
1902 2821 2077 2871 lustin.
2105 2821 2137 2870 1.
2166 2820 2227 2870 1.:
2258 2819 2447 2888 adpro-

1434 2894 1713 2959 pinquante
1728 2905 1937 2957 vespere
1954 2904 2137 2955 equum
2155 2887 2451 2938 conscendit

1438 2963 1491 3008 et
1518 2974 1613 3009 rus
1637 2960 1906 3021 urbanum,
1931 2957 2074 3024 quod⁴
2084 2960 2301 3026 propter
2323 2956 2445 3006 litus

1435 3030 1600 3076 τηατ-ῖς
1622 3027 1838 3077 habebat
1858 3054 1927 3062 —
1950 3025 2233 3086 contendit,·
2269 3024 2443 3075 Horat.

1437 3095 1530 3160 Ep.
1558 3094 1605 3154 9,
1632 3094 1686 3143 3:
1720 3097 1815 3146 sub
1835 3095 1940 3144 alta
1960 3122 2029 3130 —
2051 3095 2233 3153 domm·
2267 3093 2359 3143 Od.
2395 3092 2444 3157 3,

1438 3162 1522 3227 29,
1552 3161 1641 3224 1ος
1670 3163 1809 3214 Suet.
1829 3162 1951 3214 Ner.
1974 3163 2064 3213 38:
2092 3180 2120 3213 c
2138 3168 2283 3214 turre
2302 3161 2445 3211 Mae-

1437 3235 1675 3282 eenatica.
1708 3260 1774 3268 —-
1817 3232 1910 3282 Die
1955 3236 2117 3283 turris
2150 3231 2447 3282 Hannibalis

1438 3299 1534 3350 soll
1562 3300 1610 3349 in
1635 3299 1727 3350 der
1749 3299 1889 3351 Niibe
1913 3316 2010 3351 von
2031 3300 2244 3351 Sullecti
2268 3315 2329 3349 an
2356 3300 2446 3348 der

1437 3368 1593 3419 Bucht
1651 3365 1921 3418 Sallek'tah
1990 3369 2200 3432 gelegen
2267 3366 2444 3427 baben,

1436 3436 1587 3487 Barth
1621 3436 1804 3487 Reisen
1841 3436 1896 3500 1³,
1936 3437 2048 3487 175.
2098 3438 2327 3487 Audet-er
2352 3435 2449 3489 Art

1436 3504 1547 3555 sind
1572 3506 1651 3555 die
1678 3503 1897 3555 Thiirme
1922 3503 2049 3555 Plin.
2077 3505 2123 3571 2,
2151 3504 2232 3568 71,
2262 3503 2375 3554 181.

1504 3639 1671 3690 2-6.
1700 3643 2017 3705 miseratus,
2040 3641 2143 3705 vgl.
2170 3640 2250 3709 30,
2276 3640 2358 3702 20,
2388 3639 2444 3700 13

1438 3708 1609 3773 21,1,
1633 3710 1680 3758 5.
1706 3736 1774 3746 —
1799 3726 1973 3774 suum,
2001 3709 2091 3771 27,
2118 3708 2327 3771 51,12;
2364 3705 2443 3770 28,

1444 3777 1520 3839 12,
1551 3777 1595 3826 1.
1615 3804 1685 3814 -
1711 3776 1935 3839 Cercina,
1963 3780 2013 3828 in
2036 3778 2144 3828 dem
2171 3776 2327 3827 Hafen
2355 3775 2449 3823 der

1436 3843 1571 3896 Insel
1595 3845 1764 3908 legten
1790 3847 1877 3896 die
1893 3862 1992 3896 von
2014 3846 2170 3896 Osten
2191 3845 2448 3893 kommen-

1436 3912 1531 3961 den
1555 3913 1735 3964 Schiffe
1761 3928 1872 3965 zum
1896 3913 2233 3973 lenteamine,
2259 3912 2351 3962 ebe
2370 3911 2445 3961 sie

1437 3982 1560 4031 nach
1586 3980 1815 4050 Thapsus
1840 3984 2125 4046 gelangten,
2158 3995 2237 4031 un.
2269 4008 2336 4017 --
2360 3995 2446 4031 sa-

1436 4048 1548 4116 lut„
1574 4062 1667 4101 zur
1683 4051 2021 4117 Begriissung,
2046 4066 2088 4102 s.
2108 4049 2190 4115 34,
2210 4049 2292 4116 50,
2310 4049 2360 4101 9.
2379 4077 2440 4088 -—
