2861 4550
396 950 481 1010 26

510 367 592 428 46
1145 364 1337 418 usna
1368 362 1565 418 xxxi.
1620 322 1765 419 (ΞΑΡ.
1788 365 1873 419 23.
1897 365 1981 419 se.

2383 383 2610 425 ..mm

408 533 468 583 10
510 519 637 580 aliis.
672 517 845 580 rebus
881 520 1097 580 referre
1135 536 1309 600 quam
1339 528 1583 600 propter
1610 539 1756 599 quas
1785 521 2086 583 convocati
2111 527 2337 595 essent,
2375 521 2609 584 dem-eto

452 626 457 629 ·
508 604 581 665 de
618 603 872 665 exercitu
906 604 1165 683 parando
1204 605 1482 666 adversus
1509 606 1718 667 Nabim
1735 656 1740 661 .
1757 607 1907 667 facto
1949 606 2257 669 concilium
2286 606 2517 671 fortiter
2545 626 2611 669 ac

505 688 681 750 libere
718 688 979 750 habitum
1016 689 1263 763 dimisit,
1302 690 1453 752 inter
1481 692 1884 753 adsentatores
1911 693 2105 771 regios
2123 700 2266 754 fante
2293 710 2422 754 eam
2451 692 2607 755 diem

403 786 460 837 11
506 773 754 836 habitus,
777 794 781 801 ·
806 773 1128 853 PhilippuS‚
1158 793 1364 854 magna
1396 795 1503 855 spe
1534 777 1810 856 depulsus
1843 777 2181 841 ‚voluntariis
2211 778 2413 857 paucis
2436 776 2609 839 »mili-

504 859 663 921 tibus
692 859 1044 938 conscriptis
1075 860 1419 923 Corinthum
1447 869 1622 940 atque
1648 861 1712 923 in
1740 862 1985 925 Atticam
2018 872 2230 925 terram
2260 862 2447 924 rediit.

672 944 786 1006 Per
815 963 923 1006 eos
943 946 1110 1024 ipsos
1134 945 1258 1006 dies
1282 946 1496 1025 quibus
1520 947 1827 1027 Philippus
1851 948 1914 1008 in
1935 947 2148 1010 Achaia
2172 949 2294 1021 fuit,
2323 947 2609 1009 Philocles

501 1029 826 1109 praefectus
856 1031 1049 1108 regius
1076 1046 1147 1092 ex
1172 1032 1405 1093 Euboea
1436 1033 1733 1111 profectus
1756 1050 1890 1093 cum
1913 1033 2143 1095 duobus
2165 1033 2397 1095 milibus
2421 1033 2608 1096 Thra-

502 1133 636 1176 cum
658 1114 1161 1196 Macedonumque
1181 1117 1252 1179 ad
1278 1117 1717 1196 depopulandos
1741 1118 2184 1181 Atheniensium
2207 1120 2353 1180 fines
2376 1119 2610 1198 regione

428 1211 459 1261 2
501 1199 786 1262 Eleusinis
819 1201 1027 1262 saltum
1052 1201 1412 1263 Cithaeronis
1436 1202 1821 1278 transcendit3
1851 1202 1986 1267 inde
2007 1203 2245 1267 dimidia
2268 1213 2432 1282 parte
2452 1203 2606 1264 mili-

499 1292 624 1345 tum
663 1286 733 1346 ad
771 1287 1169 1364 praedandum
1208 1287 1434 1366 passim
1474 1306 1581 1366 per
1619 1306 1794 1367 agros
1835 1289 2078 1351 dimissa
2122 1307 2252 1350 cum
2286 1298 2454 1367 parte
2479 1288 2608 1366 ipse

426 1384 456 1433 3
500 1371 760 1432 occultus
790 1372 927 1432 loco
958 1372 1028 1432 ad
1058 1372 1300 1433 insidias
1332 1381 1631 1451 oportuno
1665 1374 1958 1448 consedit,
1995 1382 2061 1435 ut
2088 1373 2138 1434 si
2169 1392 2237 1433 ex
2267 1373 2501 1433 castello
2531 1372 2606 1434 ab

497 1455 768 1517 Eleusine
794 1456 858 1517 in
886 1457 1219 1536 praedantis
1250 1476 1395 1518 suos
1425 1458 1683 1538 impetus
1707 1459 1883 1532 fieret,
1912 1466 2149 1538 repente
2170 1457 2359 1518 hostis
2381 1457 2602 1517 effusos

425 1554 457 1604 4
496 1560 568 1602 ex
596 1540 917 1619 improviso
947 1542 1293 1603 adoriretur.
1354 1561 1477 1605 non
1508 1544 1755 1605 fefellere
1783 1543 2043 1605 insidiae.
2096 1543 2285 1622 itaque
2313 1541 2602 1603 revocatis

496 1626 596 1704 qui
626 1626 1020 1688 discurrerant
1050 1628 1119 1688 ad
1149 1629 1549 1706 praedandum
1572 1627 1853 1689 militibus
1875 1627 2291 1707 instructisque
2313 1626 2382 1687 ad
2407 1645 2601 1705 oppu-

495 1711 791 1788 gnandum
834 1712 1129 1772 castellum
1159 1712 1491 1775 Eleusinem
1523 1715 1818 1792 profectus
1849 1730 1981 1773 cum
2012 1712 2208 1773 multis
2239 1711 2374 1773 inde
2401 1713 2601 1774 vulne·

424 1814 453 1862 5
494 1795 658 1857 ribus
684 1796 926 1858 recessit
953 1797 1339 1878 Philippoque
1369 1818 1435 1860 se
1464 1798 1715 1859 venienti
1747 1817 1817 1858 ex
1837 1796 2047 1858 Achaia
2077 1797 2395 1860 coniunxit.
2449 1806 2600 1858 tem-

494 1888 650 1959 ptata
680 1888 735 1942 et
762 1882 834 1942 ab
863 1882 994 1961 ipso
1025 1901 1160 1962 rege
1188 1884 1548 1963 oppugnatio
1580 1882 1840 1945 eiusdem
1870 1883 2086 1944 castelli
2116 1891 2224 1945 est.
2284 1883 2390 1944 sed
2419 1900 2599 1944 naves

492 1965 788 2027 Romanae
813 1984 844 2026 a
859 1966 1064 2028 Piraeo
1089 1969 1380 2030 venientes
1403 1967 1927 2046 intromissumque
1948 1968 2300 2046 praesidium
2319 1966 2601 2037 absistere

421 2062 452 2112 6
488 2050 726 2130 incepto
767 2061 1097 2130 coegerunt.
1158 2054 1347 2115 diviso
1385 2054 1591 2114 deinde
1628 2052 1883 2113 exercitu
1909 2071 2011 2113 rex
2042 2072 2172 2114 cum
2197 2061 2371 2132 parte
2398 2052 2600 2115 Philo-

494 2136 636 2197 clem
661 2136 915 2198 Athenas
946 2137 1138 2210 mittit,
1172 2157 1303 2200 cum
1335 2148 1498 2217 parte
1520 2138 1790 2199 Piraeum
1815 2138 2018 2216 pergit,
2048 2147 2114 2200 ut
2142 2138 2283 2200 dum
2306 2138 2596 2201 Philocles

491 2414 559 2424 —-
584 2391 757 2439 essent
787 2404 882 2438 nur
909 2387 1221 2438 verbex-citet
1253 2387 1398 2437 wird.
1420 2414 1490 2425 —

486 2472 590 2506 non
612 2455 763 2507 licere
784 2464 881 2506 etc.
910 2471 950 2505 s.
963 2455 1045 2519 39,
1056 2454 1137 2517 33,
1150 2449 1196 2517 7‘,
1217 2454 1391 2522 Polyb.
1404 2455 1487 2518 23,

495 2522 574 2572 12.
610 2553 677 2561 —
706 2525 908 2589 refme
948 2539 995 2572 n.
1033 2527 1327 2590 praetorem
1367 2525 1489 2573 oder

487 2593 856 2657 niagistratus,
883 2592 979 2640 wie
1003 2591 1051 2640 iu
1077 2589 1199 2640 Rom
1223 2592 1302 2640 die
1326 2590 1490 2655 Magi-

487 2665 649 2710 strate
684 2661 747 2709 im
772 2660 979 2719 Senate,
1012 2673 1054 2708 s.
1089 2656 1176 2722 32,
1213 2659 1302 2725 20,
1328 2659 1384 2721 43
1419 2660 1487 2710 ih.

553 2765 787 2844 ’10-11,
834 2794 1037 2844 decreto
1054 2795 1104 2858 f.
1120 2833 1132 2855 ,
1168 2810 1227 2843 er
1248 2795 1371 2844 liess
1395 2795 1485 2844 ab-

484 2863 710 2914 stimmen
741 2863 842 2911 und
874 2863 968 2911 den
1000 2862 1266 2914 Besehluss
1299 2862 1485 2926 famen,

484 2932 586 2994 vgl.
607 2929 788 2994 jedoch
815 2928 895 2991 32,
921 2927 1005 2992 22,
1032 2927 1136 2991 3f.;
1165 2930 1211 2980 9.
1235 2932 1484 2997 —forti-

483 3003 567 3049 ter
610 2998 701 3048 mit
744 2996 987 3061 Euergie‚
1048 2999 1174 3048 ohne
1224 2998 1328 3048 sich
1376 3000 1484 3048 ein-

483 3065 777 3115 schiicbteru
813 3082 876 3115 zu
913 3066 1107 3129 lassen3
1128 3065 1319 3130 libere,
1354 3067 1481 3116 ohne

483 3133 618 3182 scine
653 3132 1127 3197 Selbststiindigkeit
1173 3151 1237 3184 zu
1279 3133 1480 3200 opsern3

482 3200 647 3249 dieses
682 3202 809 3251 wird
844 3203 967 3251 noch
1011 3203 1292 3266 gesteigert
1329 3203 1484 3252 durch

482 3268 577 3317 den
603 3266 817 3319 Zusatz:
851 3272 990 3320 inter
1019 3296 1088 3305 —
1118 3271 1345 3330 habitus,
1381 3270 1483 3333 vgl.

482 3334 574 3397 32,
609 3334 699 3402 32,
740 3336 817 3386 10.
850 3366 918 3374 —--
951 3355 1041 3405 spe
1075 3338 1187 3406 dep.
1223 3338 1486 3388 stiirkcrer

481 3403 744 3455 Ausdruck
777 3406 854 3454 als
879 3422 922 3455 c.
956 3405 1045 3472 24,
1079 3405 1127 3454 3.
1164 3434 1233 3444 —-
1255 3408 1486 3456 Atticam

480 3471 611 3588 {gun
660 3473 768 3522 hier
812 3474 1049 3538 Adjectiv
1095 3474 1226 3539 sein,
1283 3474 1385 3538 vgl.
1438 3491 1480 3523 c.

547 3598 654 3659 26.
707 3608 869 3659 1—3.
917 3609 1123 3660 Philocl.
1151 3626 1193 3660 c.
1223 3610 1309 3675 16,
1345 3611 1401 3674 2,
1427 3627 1485 3660 er

481 3677 676 3727 scheint
698 3678 786 3727 das
811 3677 1105 3729 Commaudo
1137 3677 1229 3729 auf
1245 3679 1337 3729 der
1359 3695 1483 3742 gan-

482 3760 572 3794 zen
599 3744 753 3810 Iusel,
793 3746 1021 3796 einzelne
1046 3746 1223 3797 Stiidte
1248 3749 1371 3797 noch
1397 3746 1484 3796 be·

482 3814 695 3863 sundere
728 3814 1106 3880 Besehlsbaber,
1138 3831 1183 3863 s.
1220 3831 1262 3864 c.
1298 3814 1389 3876 23,
1437 3815 1482 3878 8,

480 3881 663 3944 gehabt
684 3898 747 3932 zu
771 3883 944 3932 haben.
969 3911 1036 3920 —-
1061 3899 1171 3948 reg.
1197 3881 1273 3932 Ee.
1288 3920 1303 3946 ,
1329 3899 1375 3931 s.
1402 3881 1481 3944 10,

476 3947 570 4013 34,
596 3951 625 3999 7
642 3966 655 4010 ;
680 3950 800 4000 bell.
826 3951 936 4001 Afr.
964 3949 1053 4000 30:
1077 3950 1480 4016 reg-ioneflmni—

476 4021 559 4067 nis
592 4017 710 4070 Nili.
741 4047 808 4055 —
840 4018 952 4070 salt.
981 4019 1138 4083 atla,
1173 4019 1255 4067 die
1281 4017 1480 4067 Grenze

1595 2388 1846 2439 zwischen
1893 2388 2103 2438 Biiotien
2148 2388 2249 2438 und
2292 2388 2485 2438 Attika.
2525 2414 2597 2426 —

1593 2460 1789 2523 passim
1817 2457 1978 2506 niiber
2016 2457 2270 2506 bestimmt
2308 2457 2463 2506 durch
2499 2471 2596 2523 per

1592 2538 1780 2589 agros,
1813 2539 1854 2573 s.
1890 2523 1984 2587 40,
2026 2522 2117 2584 33,
2161 2524 2366 2576 7:.toto
2396 2526 2595 2592 passim

1592 2607 1723 2656 agro
1771 2608 1830 2641 se
1878 2591 2230 2657 diffuderint&
2277 2590 2369 2652 37,
2407 2592 2502 2656 20,
2545 2592 2591 2642 5.

1594 2659 1792 2724 occult„
1815 2676 1859 2710 s.
1883 2659 1978 2723 22,
2008 2658 2097 2723 12,
2124 2659 2171 2709 7.
2194 2687 2263 2697 —
2287 2676 2357 2710 eoe
2378 2664 2503 2710 cast.
2528 2662 2593 2711 ab

1590 2725 1669 2777 El.
1695 2728 1763 2777 ist
1785 2742 1930 2777 weun
1951 2728 2030 2778 die
2053 2726 2237 2778 Worte
2263 2727 2443 2789 ricbtig
2465 2728 2592 2790 sind,

1593 2810 1656 2844 zu
1681 2796 1912 2846 nehmeu:
1938 2811 2030 2846 aus
2055 2797 2164 2845 dem
2184 2794 2375 2846 Castell
2396 2811 2494 2846 von
2515 2795 2591 2846 El.

1591 2863 1697 2924 her,
1723 2877 1765 2912 c.
1790 2863 1883 2927 24,
1917 2863 1971 2927 9,
1996 2864 2099 2927 vffl.
2127 2863 2227 2914 Cic.
2250 2861 2402 2915 Verr.
2428 2863 2484 2925 5,
2509 2862 2591 2927 72,

1595 2929 1719 2992 187;
1756 2947 1783 2980 e
1812 2935 2040 2983 sacrario
2068 2931 2276 2993 Gothia,-
2313 2931 2380 2981 ib.
2414 2931 2472 2992 4,
2507 2930 2590 2995 43,

1591 2998 1680 3048 93:
1704 3001 2001 3065 Agrigento
2021 3026 2091 3038 —
2108 3016 2179 3050 ex
2189 3001 2339 3064 fane,
2361 3013 2460 3048 nur
2473 2999 2591 3048 dass

1587 3065 1646 3115 L.
1681 3066 1763 3116 hei
1787 3068 2141 3118 Stiidtenamen
2163 3082 2199 3117 a
2230 3073 2388 3127 sent,
2422 3081 2463 3115 s.
2497 3064 2533 3130 ξ
2560 3065 2590 3114 5

1587 3134 1690 3196 vgl.
1715 3135 1797 3198 21,
1823 3135 1906 3196 49,
1928 3135 1987 3195 33
2029 3135 2244 3199 jiingere
2278 3134 2398 3184 Hds.
2433 3132 2590 3183 haben

1593 3219 1661 3253 ex
1694 3203 1896 3254 castello
1921 3203 2177 3253 Eleusinis
2211 3202 2332 3251 oder
2354 3199 2594 3252 Eleusine

1591 3270 1689 3319 wie
1716 3270 1825 3334 §43
1850 3272 1972 3320 doch
1993 3271 2118 3319 wir-d
2135 3270 2260 3319 auch
2278 3285 2321 3318 c.
2342 3268 2424 3331 25,
2451 3268 2482 3319 2
2500 3270 2592 3320 das

1591 3337 1782 3388 Casteil
1807 3353 1902 3388 von
1929 3339 2020 3387 der
2042 3338 2188 3388 stadt
2211 3335 2523 3400 gescbieden.

1659 3406 1828 3455 5—7.
1875 3422 1909 3455 a
1931 3406 2144 3465 Piraeo,
2168 3406 2265 3455 wie
2290 3412 2433 3456 sonst
2456 3422 2489 3454 a
2512 3405 2591 3454 bei

1591 3473 1961 3535 Stiidtenamen,
1989 3489 2028 3522 s.
2054 3489 2098 3523 c.
2125 3472 2216 3536 22,
2241 3473 2299 3536 63
2326 3472 2411 3536 24,
2439 3472 2513 3537 12,
2541 3472 2591 3523 3.

1589 3569 1656 3578 ---
1679 3557 1795 3592 cum
1826 3545 2248 3609 parte—parte,
2287 3542 2373 3591 hat
2407 3542 2455 3590 in
2491 3542 2587 3589 den

1590 3616 1775 3674 ersten,
1793 3609 2039 3660 Philocles
2056 3610 2179 3661 aber
2195 3610 2294 3660 und
2310 3611 2414 3678 ipsi
2425 3608 2472 3658 in
2494 3608 2587 3659 den

1587 3675 1909 3741 folg.Siitzen
1937 3679 2028 3732 den
2049 3677 2361 3740 Nacbdruck,
2389 3692 2445 3727 so
2471 3676 2587 3728 dass

1590 3762 1647 3796 es
1678 3747 1780 3796 wol
1813 3747 1947 3797 nicht
1980 3746 2155 3808 niithig
2194 3746 2261 3794 ist
2295 3761 2411 3796 cum
2438 3748 2589 3812 parte

1586 3817 1695 3880 ipse
1710 3830 1772 3864 zu
1784 3813 1943 3865 lesen.
1955 3812 2340 3864 -subeundo—
2361 3829 2585 3881 oppugn.

1587 3882 1691 3944 νεὶ.
1711 3882 1838 3932 iiber
1863 3883 1943 3933 die
1961 3881 2482 3944 zusammenstellung
2499 3881 2589 3930 des

1589 3947 1808 4000 Gernud.
1832 3951 1934 4000 und
1959 3948 2298 3999 Geruudivum
2323 3948 2380 3998 21
2402 3986 2418 4012 ,
2439 3949 2503 4012 5,
2528 3949 2589 4009 53

1588 4015 1676 4078 25,
1704 4018 1795 4082 40,
1822 4017 1880 4079 83
1906 4016 1997 4081 28,
2020 4016 2197 4082 37,1;
2234 4020 2286 4067 et
2307 4015 2438 4066 kann
2462 4019 2587 4067 ohne
