<?xml version="1.0" encoding="UTF-8"?>
<!DOCTYPE html PUBLIC "-//W3C//DTD XHTML 1.0 Transitional//EN"
    "http://www.w3.org/TR/xhtml1/DTD/xhtml1-transitional.dtd">
<html xmlns="http://www.w3.org/1999/xhtml" xml:lang="en" lang="en">
 <head>
  <title>
</title>
<meta http-equiv="Content-Type" content="text/html;charset=utf-8" />
  <meta name='ocr-system' content='tesseract 3.04.00' />
  <meta name='ocr-capabilities' content='ocr_page ocr_carea ocr_par ocr_line ocrx_word'/>
</head>
<body>
  <div class='ocr_page' id='page_1' title='image "./titiliviaburbec11livygoog_0318.png"; bbox 0 0 2861 4550; ppageno 0'>
   <div class='ocr_carea' id='block_1_1' title="bbox 534 356 658 420">
    <p class='ocr_par' dir='ltr' id='par_1_1' title="bbox 534 356 658 420">
     <span class='ocr_line' id='line_1_1' title="bbox 534 356 658 420; baseline -0.008 0"><span class='ocrx_word' id='word_1_1' title='bbox 534 356 658 420; x_wconf 86' lang='lat'><strong>310</strong></span> 
     </span>
    </p>
   </div>
   <div class='ocr_carea' id='block_1_2' title="bbox 393 504 2663 1612">
    <p class='ocr_par' dir='ltr' id='par_1_2' title="bbox 430 504 2661 675">
     <span class='ocr_line' id='line_1_2' title="bbox 430 504 2661 590; baseline -0 -16"><span class='ocrx_word' id='word_1_2' title='bbox 430 525 489 574; x_wconf 86' lang='lat'><strong>15</strong></span> <span class='ocrx_word' id='word_1_3' title='bbox 533 509 770 590; x_wconf 85' lang='lat' dir='ltr'><strong>plectar.</strong></span> <span class='ocrx_word' id='word_1_4' title='bbox 818 509 1029 590; x_wconf 86' lang='lat' dir='ltr'><strong>quibus</strong></span> <span class='ocrx_word' id='word_1_5' title='bbox 1055 509 1234 589; x_wconf 63' lang='lat' dir='ltr'><strong>,igitur</strong></span> <span class='ocrx_word' id='word_1_6' title='bbox 1262 509 1437 572; x_wconf 87' lang='lat' dir='ltr'><strong>rebus</strong></span> <span class='ocrx_word' id='word_1_7' title='bbox 1461 509 1711 572; x_wconf 84' lang='lat' dir='ltr'><strong>amicitia</strong></span> <span class='ocrx_word' id='word_1_8' title='bbox 1735 504 2029 571; x_wconf 69' lang='lat' dir='ltr'><strong>violatur?</strong></span> <span class='ocrx_word' id='word_1_9' title='bbox 2055 525 2268 590; x_wconf 87' lang='lat' dir='ltr'><strong>nempe</strong></span> <span class='ocrx_word' id='word_1_10' title='bbox 2288 506 2382 570; x_wconf 88' lang='lat' dir='ltr'><strong>his</strong></span> <span class='ocrx_word' id='word_1_11' title='bbox 2404 509 2661 573; x_wconf 80' lang='lat' dir='ltr'><strong>maxime</strong></span> 
     </span>
     <span class='ocr_line' id='line_1_3' title="bbox 532 591 2660 675; baseline 0.001 -19"><span class='ocrx_word' id='word_1_12' title='bbox 532 591 787 669; x_wconf 79' lang='lat' dir='ltr'><strong>duabus²,</strong></span> <span class='ocrx_word' id='word_1_13' title='bbox 818 595 869 656; x_wconf 92' lang='lat' dir='ltr'><strong>si</strong></span> <span class='ocrx_word' id='word_1_14' title='bbox 900 596 1097 657; x_wconf 88' lang='lat' dir='ltr'><strong>socios</strong></span> <span class='ocrx_word' id='word_1_15' title='bbox 1128 613 1293 658; x_wconf 87' lang='lat' dir='ltr'><strong>meos</strong></span> <span class='ocrx_word' id='word_1_16' title='bbox 1327 614 1438 675; x_wconf 89' lang='lat' dir='ltr'><strong>pro</strong></span> <span class='ocrx_word' id='word_1_17' title='bbox 1470 594 1742 657; x_wconf 79' lang='lat' dir='ltr'><strong>hestibus</strong></span> <span class='ocrx_word' id='word_1_18' title='bbox 1771 594 1985 656; x_wconf 86' lang='lat' dir='ltr'><strong>habeas</strong></span> <span class='ocrx_word' id='word_1_19' title='bbox 1999 628 2021 669; x_wconf 63' lang='grc'><strong>,»</strong></span> <span class='ocrx_word' id='word_1_20' title='bbox 2048 593 2103 656; x_wconf 87' lang='lat' dir='ltr'><strong>si</strong></span> <span class='ocrx_word' id='word_1_21' title='bbox 2134 612 2266 655; x_wconf 88' lang='lat' dir='ltr'><strong>cum</strong></span> <span class='ocrx_word' id='word_1_22' title='bbox 2297 594 2575 659; x_wconf 72' lang='lat' dir='ltr'><strong>hostibus</strong></span> <span class='ocrx_word' id='word_1_23' title='bbox 2597 604 2660 659; x_wconf 82' lang='lat' dir='ltr'><strong>te</strong></span> 
     </span>
    </p>

    <p class='ocr_par' dir='ltr' id='par_1_3' title="bbox 431 679 2658 846">
     <span class='ocr_line' id='line_1_4' title="bbox 431 679 2657 760; baseline 0 -18"><span class='ocrx_word' id='word_1_24' title='bbox 431 694 491 743; x_wconf 86' lang='lat'><strong>16</strong></span> <span class='ocrx_word' id='word_1_25' title='bbox 536 680 880 759; x_wconf 85' lang='lat' dir='ltr'><strong>coniungas.</strong></span> <span class='ocrx_word' id='word_1_26' title='bbox 927 688 1246 760; x_wconf 85' lang='lat' dir='ltr'><strong>utrumque</strong></span> <span class='ocrx_word' id='word_1_27' title='bbox 1278 701 1310 743; x_wconf 90' lang='lat' dir='ltr'><strong>a</strong></span> <span class='ocrx_word' id='word_1_28' title='bbox 1341 691 1397 743; x_wconf 89' lang='lat' dir='ltr'><strong>te</strong></span> <span class='ocrx_word' id='word_1_29' title='bbox 1425 682 1642 742; x_wconf 85' lang='lat' dir='ltr'><strong>factum</strong></span> <span class='ocrx_word' id='word_1_30' title='bbox 1664 688 1788 740; x_wconf 87' lang='lat' dir='ltr'><strong>est:</strong></span> <span class='ocrx_word' id='word_1_31' title='bbox 1821 697 1959 741; x_wconf 86' lang='lat' dir='ltr'><strong>nam</strong></span> <span class='ocrx_word' id='word_1_32' title='bbox 1989 686 2045 741; x_wconf 89' lang='lat' dir='ltr'><strong>et</strong></span> <span class='ocrx_word' id='word_1_33' title='bbox 2062 679 2386 754; x_wconf 79' lang='lat' dir='ltr'><strong>Messenen,</strong></span> <span class='ocrx_word' id='word_1_34' title='bbox 2417 698 2541 742; x_wconf 87' lang='lat' dir='ltr'><strong>uno</strong></span> <span class='ocrx_word' id='word_1_35' title='bbox 2564 690 2657 743; x_wconf 79' lang='lat' dir='ltr'><strong>at-</strong></span> 
     </span>
     <span class='ocr_line' id='line_1_5' title="bbox 535 764 2658 846; baseline 0 -19"><span class='ocrx_word' id='word_1_36' title='bbox 535 784 647 845; x_wconf 89' lang='lat' dir='ltr'><strong>que</strong></span> <span class='ocrx_word' id='word_1_37' title='bbox 689 766 899 827; x_wconf 87' lang='lat' dir='ltr'><strong>eodem</strong></span> <span class='ocrx_word' id='word_1_38' title='bbox 939 766 1070 827; x_wconf 88' lang='lat' dir='ltr'><strong>iure</strong></span> <span class='ocrx_word' id='word_1_39' title='bbox 1114 765 1368 828; x_wconf 82' lang='lat' dir='ltr'><strong>foederis</strong></span> <span class='ocrx_word' id='word_1_40' title='bbox 1414 785 1531 846; x_wconf 89' lang='lat' dir='ltr'><strong>quo</strong></span> <span class='ocrx_word' id='word_1_41' title='bbox 1577 773 1634 826; x_wconf 87' lang='lat' dir='ltr'><strong>et</strong></span> <span class='ocrx_word' id='word_1_42' title='bbox 1676 764 2173 825; x_wconf 71' lang='lat' dir='ltr'><strong>Lacedaemonem</strong></span> <span class='ocrx_word' id='word_1_43' title='bbox 2222 765 2288 826; x_wconf 87' lang='lat' dir='ltr'><strong>in</strong></span> <span class='ocrx_word' id='word_1_44' title='bbox 2339 764 2658 828; x_wconf 75' lang='lat' dir='ltr'><strong>amicitiam</strong></span> 
     </span>
    </p>

    <p class='ocr_par' dir='ltr' id='par_1_4' title="bbox 393 848 2660 1100">
     <span class='ocr_line' id='line_1_6' title="bbox 393 848 2659 931; baseline 0 -19"><span class='ocrx_word' id='word_1_45' title='bbox 393 893 422 922; x_wconf 76' lang='grc'><strong>.</strong></span> <span class='ocrx_word' id='word_1_46' title='bbox 533 859 802 913; x_wconf 85' lang='lat' dir='ltr'><strong>nostram</strong></span> <span class='ocrx_word' id='word_1_47' title='bbox 832 859 1156 931; x_wconf 76' lang='lat' dir='ltr'><strong>acceptam,</strong></span> <span class='ocrx_word' id='word_1_48' title='bbox 1197 851 1396 912; x_wconf 85' lang='lat' dir='ltr'><strong>socius</strong></span> <span class='ocrx_word' id='word_1_49' title='bbox 1425 852 1554 930; x_wconf 88' lang='lat' dir='ltr'><strong>ipse</strong></span> <span class='ocrx_word' id='word_1_50' title='bbox 1583 849 1804 911; x_wconf 81' lang='lat' dir='ltr'><strong>sociam</strong></span> <span class='ocrx_word' id='word_1_51' title='bbox 1833 850 2006 911; x_wconf 91' lang='lat' dir='ltr'><strong>nobis</strong></span> <span class='ocrx_word' id='word_1_52' title='bbox 2036 849 2242 911; x_wconf 87' lang='lat' dir='ltr'><strong>urbem</strong></span> <span class='ocrx_word' id='word_1_53' title='bbox 2271 848 2325 910; x_wconf 87' lang='lat' dir='ltr'><strong>vi</strong></span> <span class='ocrx_word' id='word_1_54' title='bbox 2354 857 2529 930; x_wconf 83' lang='lat' dir='ltr'><strong>atque</strong></span> <span class='ocrx_word' id='word_1_55' title='bbox 2557 870 2659 913; x_wconf 89' lang='lat' dir='ltr'><strong>ar-</strong></span> 
     </span>
     <span class='ocr_line' id='line_1_7' title="bbox 431 934 2659 1016; baseline 0.001 -21"><span class='ocrx_word' id='word_1_56' title='bbox 431 947 490 995; x_wconf 80' lang='lat'><strong>17</strong></span> <span class='ocrx_word' id='word_1_57' title='bbox 535 936 649 998; x_wconf 89' lang='lat' dir='ltr'><strong>mis</strong></span> <span class='ocrx_word' id='word_1_58' title='bbox 677 936 914 1016; x_wconf 77' lang='lat' dir='ltr'><strong>cepisti3</strong></span> <span class='ocrx_word' id='word_1_59' title='bbox 944 945 999 997; x_wconf 87' lang='lat' dir='ltr'><strong>et</strong></span> <span class='ocrx_word' id='word_1_60' title='bbox 1032 955 1169 997; x_wconf 89' lang='lat' dir='ltr'><strong>cum</strong></span> <span class='ocrx_word' id='word_1_61' title='bbox 1198 937 1469 1015; x_wconf 88' lang='lat' dir='ltr'><strong>Philippo</strong></span> <span class='ocrx_word' id='word_1_62' title='bbox 1500 936 1672 996; x_wconf 88' lang='lat' dir='ltr'><strong>hoste</strong></span> <span class='ocrx_word' id='word_1_63' title='bbox 1699 941 1908 995; x_wconf 87' lang='lat' dir='ltr'><strong>nostro</strong></span> <span class='ocrx_word' id='word_1_64' title='bbox 1939 953 2060 996; x_wconf 89' lang='lat' dir='ltr'><strong>non</strong></span> <span class='ocrx_word' id='word_1_65' title='bbox 2087 934 2429 996; x_wconf 81' lang='lat' dir='ltr'><strong>societatem</strong></span> <span class='ocrx_word' id='word_1_66' title='bbox 2459 935 2659 998; x_wconf 86' lang='lat' dir='ltr'><strong>solum</strong></span> 
     </span>
     <span class='ocr_line' id='line_1_8' title="bbox 533 1019 2660 1100; baseline 0 -18"><span class='ocrx_word' id='word_1_67' title='bbox 533 1021 666 1094; x_wconf 90' lang='lat' dir='ltr'><strong>sed,</strong></span> <span class='ocrx_word' id='word_1_68' title='bbox 707 1022 757 1082; x_wconf 94' lang='lat' dir='ltr'><strong>si</strong></span> <span class='ocrx_word' id='word_1_69' title='bbox 797 1021 909 1082; x_wconf 87' lang='lat' dir='ltr'><strong>diis</strong></span> <span class='ocrx_word' id='word_1_70' title='bbox 949 1020 1165 1100; x_wconf 84' lang='lat' dir='ltr'><strong>placet,</strong></span> <span class='ocrx_word' id='word_1_71' title='bbox 1207 1021 1561 1082; x_wconf 82' lang='lat' dir='ltr'><strong>adfinitatem</strong></span> <span class='ocrx_word' id='word_1_72' title='bbox 1601 1020 1783 1081; x_wconf 82' lang='lat' dir='ltr'><strong>etiam·</strong></span> <span class='ocrx_word' id='word_1_73' title='bbox 1813 1037 1919 1098; x_wconf 91' lang='lat' dir='ltr'><strong>per</strong></span> <span class='ocrx_word' id='word_1_74' title='bbox 1955 1019 2255 1081; x_wconf 77' lang='lat' dir='ltr'><strong>Philoclen</strong></span> <span class='ocrx_word' id='word_1_75' title='bbox 2295 1023 2660 1098; x_wconf 83' lang='lat' dir='ltr'><strong>praefectum</strong></span> 
     </span>
    </p>

    <p class='ocr_par' dir='ltr' id='par_1_5' title="bbox 430 1104 2661 1271">
     <span class='ocr_line' id='line_1_9' title="bbox 430 1104 2661 1186; baseline 0 -19"><span class='ocrx_word' id='word_1_76' title='bbox 430 1119 491 1168; x_wconf 85' lang='lat'><strong>18</strong></span> <span class='ocrx_word' id='word_1_77' title='bbox 533 1106 658 1167; x_wconf 87' lang='lat' dir='ltr'><strong>eius</strong></span> <span class='ocrx_word' id='word_1_78' title='bbox 689 1105 995 1186; x_wconf 81' lang='lat' dir='ltr'><strong>pepigisti3</strong></span> <span class='ocrx_word' id='word_1_79' title='bbox 1033 1113 1091 1167; x_wconf 91' lang='lat' dir='ltr'><strong>et</strong></span> <span class='ocrx_word' id='word_1_80' title='bbox 1117 1106 1332 1167; x_wconf 86' lang='lat' dir='ltr'><strong>bellum</strong></span> <span class='ocrx_word' id='word_1_81' title='bbox 1363 1106 1642 1168; x_wconf 85' lang='lat' dir='ltr'><strong>adversus</strong></span> <span class='ocrx_word' id='word_1_82' title='bbox 1666 1123 1779 1166; x_wconf 84' lang='lat' dir='ltr'><strong>nos</strong></span> <span class='ocrx_word' id='word_1_83' title='bbox 1808 1122 2206 1182; x_wconf 87' lang='lat' dir='ltr'><strong>gerens-mare</strong></span> <span class='ocrx_word' id='word_1_84' title='bbox 2234 1104 2384 1165; x_wconf 88' lang='lat' dir='ltr'><strong>circa</strong></span> <span class='ocrx_word' id='word_1_85' title='bbox 2414 1105 2661 1168; x_wconf 78' lang='lat' dir='ltr'><strong>Maleam</strong></span> 
     </span>
     <span class='ocr_line' id='line_1_10' title="bbox 534 1186 2660 1271; baseline 0 -19"><span class='ocrx_word' id='word_1_86' title='bbox 534 1191 813 1252; x_wconf 82' lang='lat' dir='ltr'><strong>infestum</strong></span> <span class='ocrx_word' id='word_1_87' title='bbox 845 1189 1094 1253; x_wconf 86' lang='lat' dir='ltr'><strong>navibus</strong></span> <span class='ocrx_word' id='word_1_88' title='bbox 1126 1190 1384 1271; x_wconf 83' lang='lat' dir='ltr'><strong>piraticis</strong></span> <span class='ocrx_word' id='word_1_89' title='bbox 1413 1191 1634 1264; x_wconf 75' lang='lat' dir='ltr'><strong>fecisti3</strong></span> <span class='ocrx_word' id='word_1_90' title='bbox 1660 1198 1715 1251; x_wconf 91' lang='lat' dir='ltr'><strong>et</strong></span> <span class='ocrx_word' id='word_1_91' title='bbox 1746 1190 1941 1268; x_wconf 87' lang='lat' dir='ltr'><strong>plures</strong></span> <span class='ocrx_word' id='word_1_92' title='bbox 1966 1207 2155 1269; x_wconf 87' lang='lat' dir='ltr'><strong>prope</strong></span> <span class='ocrx_word' id='word_1_93' title='bbox 2176 1189 2328 1250; x_wconf 86' lang='lat' dir='ltr'><strong>cives</strong></span> <span class='ocrx_word' id='word_1_94' title='bbox 2351 1186 2660 1253; x_wconf 84' lang='lat' dir='ltr'><strong>Romanos</strong></span> 
     </span>
    </p>

    <p class='ocr_par' dir='ltr' id='par_1_6' title="bbox 426 1274 2663 1612">
     <span class='ocr_line' id='line_1_11' title="bbox 430 1274 2661 1357; baseline 0.001 -21"><span class='ocrx_word' id='word_1_95' title='bbox 430 1288 490 1339; x_wconf 82' lang='lat'><strong>19</strong></span> <span class='ocrx_word' id='word_1_96' title='bbox 534 1294 711 1357; x_wconf 87' lang='lat' dir='ltr'><strong>quam</strong></span> <span class='ocrx_word' id='word_1_97' title='bbox 734 1275 1043 1355; x_wconf 83' lang='lat' dir='ltr'><strong>Philippus</strong></span> <span class='ocrx_word' id='word_1_98' title='bbox 1075 1276 1280 1356; x_wconf 84' lang='lat' dir='ltr'><strong>cepisti</strong></span> <span class='ocrx_word' id='word_1_99' title='bbox 1311 1284 1484 1354; x_wconf 85' lang='lat' dir='ltr'><strong>atque</strong></span> <span class='ocrx_word' id='word_1_100' title='bbox 1515 1275 1803 1347; x_wconf 80' lang='lat' dir='ltr'><strong>occidisti3</strong></span> <span class='ocrx_word' id='word_1_101' title='bbox 1832 1274 2128 1355; x_wconf 86' lang='lat' dir='ltr'><strong>tutiorque</strong></span> <span class='ocrx_word' id='word_1_102' title='bbox 2153 1274 2523 1351; x_wconf 79' lang='lat' dir='ltr'><strong>Macedoniae</strong></span> <span class='ocrx_word' id='word_1_103' title='bbox 2550 1294 2661 1338; x_wconf 85' lang='lat' dir='ltr'><strong>ora</strong></span> 
     </span>
     <span class='ocr_line' id='line_1_12' title="bbox 534 1359 2659 1441; baseline 0.001 -20"><span class='ocrx_word' id='word_1_104' title='bbox 534 1378 707 1441; x_wconf 89' lang='lat' dir='ltr'><strong>quam</strong></span> <span class='ocrx_word' id='word_1_105' title='bbox 752 1362 1232 1439; x_wconf 88' lang='lat' dir='ltr'><strong>promunturium</strong></span> <span class='ocrx_word' id='word_1_106' title='bbox 1275 1362 1488 1422; x_wconf 87' lang='lat' dir='ltr'><strong>Maleae</strong></span> <span class='ocrx_word' id='word_1_107' title='bbox 1543 1367 1904 1422; x_wconf 84' lang='lat' dir='ltr'><strong>commeatus</strong></span> <span class='ocrx_word' id='word_1_108' title='bbox 1957 1360 2028 1421; x_wconf 89' lang='lat' dir='ltr'><strong>ad</strong></span> <span class='ocrx_word' id='word_1_109' title='bbox 2073 1359 2362 1420; x_wconf 75' lang='lat' dir='ltr'><strong>exercitus</strong></span> <span class='ocrx_word' id='word_1_110' title='bbox 2407 1368 2659 1423; x_wconf 84' lang='lat' dir='ltr'><strong>nostros</strong></span> 
     </span>
     <span class='ocr_line' id='line_1_13' title="bbox 426 1444 2660 1525; baseline 0.002 -21"><span class='ocrx_word' id='word_1_111' title='bbox 426 1454 490 1504; x_wconf 85' lang='lat'><strong>20</strong></span> <span class='ocrx_word' id='word_1_112' title='bbox 532 1445 904 1525; x_wconf 86' lang='lat' dir='ltr'><strong>portantibus</strong></span> <span class='ocrx_word' id='word_1_113' title='bbox 933 1447 1180 1508; x_wconf 85' lang='lat' dir='ltr'><strong>navibus</strong></span> <span class='ocrx_word' id='word_1_114' title='bbox 1211 1446 1335 1508; x_wconf 82' lang='lat' dir='ltr'><strong>fuit.</strong></span> <span class='ocrx_word' id='word_1_115' title='bbox 1381 1446 1633 1525; x_wconf 86' lang='lat' dir='ltr'><strong>proinde</strong></span> <span class='ocrx_word' id='word_1_116' title='bbox 1662 1462 1853 1523; x_wconf 86' lang='lat' dir='ltr'><strong>parce,</strong></span> <span class='ocrx_word' id='word_1_117' title='bbox 1884 1444 1987 1517; x_wconf 88' lang='lat' dir='ltr'><strong>sis,</strong></span> <span class='ocrx_word' id='word_1_118' title='bbox 2018 1445 2193 1505; x_wconf 81' lang='lat' dir='ltr'><strong>fidem</strong></span> <span class='ocrx_word' id='word_1_119' title='bbox 2221 1463 2291 1506; x_wconf 85' lang='lat' dir='ltr'><strong>ac</strong></span> <span class='ocrx_word' id='word_1_120' title='bbox 2311 1445 2439 1506; x_wconf 86' lang='lat' dir='ltr'><strong>iura</strong></span> <span class='ocrx_word' id='word_1_121' title='bbox 2464 1447 2660 1508; x_wconf 85' lang='lat' dir='ltr'><strong>socie-</strong></span> 
     </span>
     <span class='ocr_line' id='line_1_14' title="bbox 530 1530 2663 1612; baseline 0 -19"><span class='ocrx_word' id='word_1_122' title='bbox 530 1531 663 1593; x_wconf 85' lang='lat' dir='ltr'><strong>tatis</strong></span> <span class='ocrx_word' id='word_1_123' title='bbox 697 1530 944 1605; x_wconf 86' lang='lat' dir='ltr'><strong>iactare,</strong></span> <span class='ocrx_word' id='word_1_124' title='bbox 981 1541 1041 1593; x_wconf 88' lang='lat' dir='ltr'><strong>et</strong></span> <span class='ocrx_word' id='word_1_125' title='bbox 1080 1531 1299 1594; x_wconf 86' lang='lat' dir='ltr'><strong>omissa</strong></span> <span class='ocrx_word' id='word_1_126' title='bbox 1333 1532 1603 1612; x_wconf 89' lang='lat' dir='ltr'><strong>populari</strong></span> <span class='ocrx_word' id='word_1_127' title='bbox 1645 1530 1909 1591; x_wconf 87' lang='lat' dir='ltr'><strong>oratione</strong></span> <span class='ocrx_word' id='word_1_128' title='bbox 1942 1537 2239 1610; x_wconf 85' lang='lat' dir='ltr'><strong>tamquam</strong></span> <span class='ocrx_word' id='word_1_129' title='bbox 2275 1537 2559 1610; x_wconf 79' lang='lat' dir='ltr'><strong>tyrannus</strong></span> <span class='ocrx_word' id='word_1_130' title='bbox 2600 1540 2663 1593; x_wconf 86' lang='lat' dir='ltr'><strong>et</strong></span> 
     </span>
    </p>
   </div>
   <div class='ocr_carea' id='block_1_3' title="bbox 363 1617 2663 2550">
    <p class='ocr_par' dir='ltr' id='par_1_7' title="bbox 363 1617 2663 2550">
     <span class='ocr_line' id='line_1_15' title="bbox 530 1617 1048 1696; baseline 0 -19"><span class='ocrx_word' id='word_1_131' title='bbox 530 1617 720 1678; x_wconf 89' lang='lat' dir='ltr'><strong>hostis</strong></span> <span class='ocrx_word' id='word_1_132' title='bbox 751 1617 1048 1696; x_wconf 86' lang='lat' dir='ltr'><strong>loquere.“</strong></span> 
     </span>
     <span class='ocr_line' id='line_1_16' title="bbox 425 1654 2663 1776; baseline 0.002 -18"><span class='ocrx_word' id='word_1_133' title='bbox 425 1696 506 1758; x_wconf 80' lang='lat'><strong>33</strong></span> <span class='ocrx_word' id='word_1_134' title='bbox 701 1702 823 1764; x_wconf 91' lang='lat' dir='ltr'><strong>Sub</strong></span> <span class='ocrx_word' id='word_1_135' title='bbox 853 1704 999 1765; x_wconf 88' lang='lat' dir='ltr'><strong>haec</strong></span> <span class='ocrx_word' id='word_1_136' title='bbox 1020 1701 1360 1764; x_wconf 78' lang='lat' dir='ltr'><strong>Aristaenus</strong></span> <span class='ocrx_word' id='word_1_137' title='bbox 1390 1718 1551 1763; x_wconf 85' lang='lat' dir='ltr'><strong>nunc</strong></span> <span class='ocrx_word' id='word_1_138' title='bbox 1579 1716 1822 1762; x_wconf 89' lang='lat' dir='ltr'><strong>monere</strong></span> <span class='ocrx_word' id='word_1_139' title='bbox 1842 1654 2052 1761; x_wconf 87' lang='lat' dir='ltr'><strong>Nabim</strong></span> <span class='ocrx_word' id='word_1_140' title='bbox 2081 1717 2242 1761; x_wconf 89' lang='lat' dir='ltr'><strong>nunc</strong></span> <span class='ocrx_word' id='word_1_141' title='bbox 2267 1699 2441 1761; x_wconf 87' lang='lat' dir='ltr'><strong>etiam</strong></span> <span class='ocrx_word' id='word_1_142' title='bbox 2472 1719 2663 1776; x_wconf 88' lang='lat' dir='ltr'><strong>orare,</strong></span> 
     </span>
     <span class='ocr_line' id='line_1_17' title="bbox 530 1783 2660 1861; baseline 0 -13"><span class='ocrx_word' id='word_1_143' title='bbox 530 1794 616 1861; x_wconf 87' lang='lat' dir='ltr'><strong>ut,</strong></span> <span class='ocrx_word' id='word_1_144' title='bbox 647 1787 787 1849; x_wconf 89' lang='lat' dir='ltr'><strong>dum</strong></span> <span class='ocrx_word' id='word_1_145' title='bbox 821 1789 1035 1861; x_wconf 87' lang='lat' dir='ltr'><strong>liceret,</strong></span> <span class='ocrx_word' id='word_1_146' title='bbox 1066 1788 1207 1848; x_wconf 90' lang='lat' dir='ltr'><strong>dum</strong></span> <span class='ocrx_word' id='word_1_147' title='bbox 1240 1787 1469 1849; x_wconf 85' lang='lat' dir='ltr'><strong>occasio</strong></span> <span class='ocrx_word' id='word_1_148' title='bbox 1502 1794 1676 1859; x_wconf 89' lang='lat' dir='ltr'><strong>esset,</strong></span> <span class='ocrx_word' id='word_1_149' title='bbox 1704 1785 1815 1847; x_wconf 90' lang='lat' dir='ltr'><strong>sibi</strong></span> <span class='ocrx_word' id='word_1_150' title='bbox 1845 1803 1913 1846; x_wconf 89' lang='lat' dir='ltr'><strong>ac</strong></span> <span class='ocrx_word' id='word_1_151' title='bbox 1940 1783 2194 1846; x_wconf 84' lang='lat' dir='ltr'><strong>fortunis</strong></span> <span class='ocrx_word' id='word_1_152' title='bbox 2227 1785 2351 1847; x_wconf 84' lang='lat' dir='ltr'><strong>suis</strong></span> <span class='ocrx_word' id='word_1_153' title='bbox 2383 1787 2660 1848; x_wconf 83' lang='lat' dir='ltr'><strong>consule-</strong></span> 
     </span>
     <span class='ocr_line' id='line_1_18' title="bbox 418 1869 2658 1950; baseline -0 -16"><span class='ocrx_word' id='word_1_154' title='bbox 418 1889 420 1892; x_wconf 53' lang='lat'><em>⁴</em></span> <span class='ocrx_word' id='word_1_155' title='bbox 459 1884 490 1934; x_wconf 85' lang='lat'><strong>2</strong></span> <span class='ocrx_word' id='word_1_156' title='bbox 532 1879 640 1933; x_wconf 90' lang='lat' dir='ltr'><strong>ret.</strong></span> <span class='ocrx_word' id='word_1_157' title='bbox 701 1874 918 1935; x_wconf 83' lang='lat' dir='ltr'><strong>referre</strong></span> <span class='ocrx_word' id='word_1_158' title='bbox 961 1874 1169 1935; x_wconf 87' lang='lat' dir='ltr'><strong>deinde</strong></span> <span class='ocrx_word' id='word_1_159' title='bbox 1217 1872 1565 1934; x_wconf 87' lang='lat' dir='ltr'><strong>nominatim</strong></span> <span class='ocrx_word' id='word_1_160' title='bbox 1614 1879 1893 1950; x_wconf 81' lang='lat' dir='ltr'><strong>tyrannos</strong></span> <span class='ocrx_word' id='word_1_161' title='bbox 1934 1869 2245 1931; x_wconf 87' lang='lat' dir='ltr'><strong>civitatium</strong></span> <span class='ocrx_word' id='word_1_162' title='bbox 2275 1870 2658 1933; x_wconf 80' lang='lat' dir='ltr'><strong>finitimarum</strong></span> 
     </span>
     <span class='ocr_line' id='line_1_19' title="bbox 534 1954 2659 2038; baseline 0 -20"><span class='ocrx_word' id='word_1_163' title='bbox 534 1960 747 2037; x_wconf 90' lang='lat' dir='ltr'><strong>coepit,</strong></span> <span class='ocrx_word' id='word_1_164' title='bbox 779 1958 878 2037; x_wconf 88' lang='lat' dir='ltr'><strong>qui</strong></span> <span class='ocrx_word' id='word_1_165' title='bbox 910 1958 1178 2037; x_wconf 86' lang='lat' dir='ltr'><strong>deposito</strong></span> <span class='ocrx_word' id='word_1_166' title='bbox 1207 1957 1461 2038; x_wconf 47' lang='lat' dir='ltr'><strong>imperio*</strong></span> <span class='ocrx_word' id='word_1_167' title='bbox 1488 1956 1868 2035; x_wconf 88' lang='lat' dir='ltr'><strong>restitutaque</strong></span> <span class='ocrx_word' id='word_1_168' title='bbox 1894 1954 2154 2017; x_wconf 88' lang='lat' dir='ltr'><strong>libertate</strong></span> <span class='ocrx_word' id='word_1_169' title='bbox 2181 1954 2304 2016; x_wconf 88' lang='lat' dir='ltr'><strong>suis</strong></span> <span class='ocrx_word' id='word_1_170' title='bbox 2322 1974 2452 2017; x_wconf 84' lang='lat' dir='ltr'><strong>non</strong></span> <span class='ocrx_word' id='word_1_171' title='bbox 2470 1964 2659 2018; x_wconf 89' lang='lat' dir='ltr'><strong>tutam</strong></span> 
     </span>
     <span class='ocr_line' id='line_1_20' title="bbox 458 2040 2658 2120; baseline 0 -17"><span class='ocrx_word' id='word_1_172' title='bbox 458 2053 488 2103; x_wconf 89' lang='lat'>3</span> <span class='ocrx_word' id='word_1_173' title='bbox 531 2042 712 2103; x_wconf 88' lang='lat' dir='ltr'><strong>modo</strong></span> <span class='ocrx_word' id='word_1_174' title='bbox 753 2044 858 2103; x_wconf 88' lang='lat' dir='ltr'><strong>sed</strong></span> <span class='ocrx_word' id='word_1_175' title='bbox 898 2043 1068 2103; x_wconf 86' lang='lat' dir='ltr'><strong>etiam</strong></span> <span class='ocrx_word' id='word_1_176' title='bbox 1105 2043 1455 2105; x_wconf 85' lang='lat' dir='ltr'><strong>honoratam</strong></span> <span class='ocrx_word' id='word_1_177' title='bbox 1483 2042 1636 2103; x_wconf 82' lang='lat' dir='ltr'><strong>inter</strong></span> <span class='ocrx_word' id='word_1_178' title='bbox 1664 2040 1804 2103; x_wconf 85' lang='lat' dir='ltr'><strong>civis</strong></span> <span class='ocrx_word' id='word_1_179' title='bbox 1834 2047 2198 2102; x_wconf 88' lang='lat' dir='ltr'><strong>senectutem</strong></span> <span class='ocrx_word' id='word_1_180' title='bbox 2227 2041 2507 2120; x_wconf 83' lang='lat' dir='ltr'><strong>egissent.</strong></span> <span class='ocrx_word' id='word_1_181' title='bbox 2562 2042 2658 2103; x_wconf 89' lang='lat' dir='ltr'><strong>his</strong></span> 
     </span>
     <span class='ocr_line' id='line_1_21' title="bbox 533 2125 2656 2207; baseline 0 -21"><span class='ocrx_word' id='word_1_182' title='bbox 533 2126 703 2187; x_wconf 89' lang='lat' dir='ltr'><strong>dictis</strong></span> <span class='ocrx_word' id='word_1_183' title='bbox 747 2127 808 2187; x_wconf 89' lang='lat' dir='ltr'><strong>in</strong></span> <span class='ocrx_word' id='word_1_184' title='bbox 848 2127 1036 2188; x_wconf 88' lang='lat' dir='ltr'><strong>vicem</strong></span> <span class='ocrx_word' id='word_1_185' title='bbox 1076 2128 1399 2207; x_wconf 87' lang='lat' dir='ltr'><strong>auditisque</strong></span> <span class='ocrx_word' id='word_1_186' title='bbox 1437 2146 1554 2188; x_wconf 87' lang='lat' dir='ltr'><strong>nox</strong></span> <span class='ocrx_word' id='word_1_187' title='bbox 1593 2145 1786 2206; x_wconf 87' lang='lat' dir='ltr'><strong>prope</strong></span> <span class='ocrx_word' id='word_1_188' title='bbox 1827 2125 2064 2187; x_wconf 86' lang='lat' dir='ltr'><strong>diremit</strong></span> <span class='ocrx_word' id='word_1_189' title='bbox 2099 2126 2473 2206; x_wconf 88' lang='lat' dir='ltr'><strong>colloquium.</strong></span> <span class='ocrx_word' id='word_1_190' title='bbox 2541 2146 2656 2206; x_wconf 88' lang='lat' dir='ltr'><strong>po-</strong></span> 
     </span>
     <span class='ocr_line' id='line_1_22' title="bbox 533 2210 2656 2291; baseline -0.001 -16"><span class='ocrx_word' id='word_1_191' title='bbox 533 2218 690 2275; x_wconf 86' lang='lat' dir='ltr'><strong>stero</strong></span> <span class='ocrx_word' id='word_1_192' title='bbox 733 2210 826 2271; x_wconf 87' lang='lat' dir='ltr'><strong>die</strong></span> <span class='ocrx_word' id='word_1_193' title='bbox 855 2211 1032 2275; x_wconf 85' lang='lat' dir='ltr'><strong>Nabis</strong></span> <span class='ocrx_word' id='word_1_194' title='bbox 1063 2213 1230 2291; x_wconf 82' lang='lat' dir='ltr'><strong>Argis</strong></span> <span class='ocrx_word' id='word_1_195' title='bbox 1262 2232 1327 2274; x_wconf 92' lang='lat' dir='ltr'><strong>se</strong></span> <span class='ocrx_word' id='word_1_196' title='bbox 1357 2213 1559 2277; x_wconf 84' lang='lat' dir='ltr'><strong>cedere</strong></span> <span class='ocrx_word' id='word_1_197' title='bbox 1587 2231 1655 2273; x_wconf 86' lang='lat' dir='ltr'><strong>ac</strong></span> <span class='ocrx_word' id='word_1_198' title='bbox 1685 2212 1972 2274; x_wconf 88' lang='lat' dir='ltr'><strong>deducere</strong></span> <span class='ocrx_word' id='word_1_199' title='bbox 1999 2210 2379 2291; x_wconf 82' lang='lat' dir='ltr'><strong>praesidium,</strong></span> <span class='ocrx_word' id='word_1_200' title='bbox 2418 2213 2656 2291; x_wconf 79' lang='lat' dir='ltr'><strong>quando</strong></span> 
     </span>
     <span class='ocr_line' id='line_1_23' title="bbox 532 2295 2655 2378; baseline -0 -20"><span class='ocrx_word' id='word_1_201' title='bbox 532 2297 611 2358; x_wconf 87' lang='lat' dir='ltr'><strong>ita</strong></span> <span class='ocrx_word' id='word_1_202' title='bbox 650 2297 933 2367; x_wconf 86' lang='lat' dir='ltr'><strong>Romanis</strong></span> <span class='ocrx_word' id='word_1_203' title='bbox 973 2300 1251 2378; x_wconf 83' lang='lat' dir='ltr'><strong>placeret,</strong></span> <span class='ocrx_word' id='word_1_204' title='bbox 1291 2308 1347 2361; x_wconf 89' lang='lat' dir='ltr'><strong>et</strong></span> <span class='ocrx_word' id='word_1_205' title='bbox 1387 2299 1646 2378; x_wconf 87' lang='lat' dir='ltr'><strong>captivos</strong></span> <span class='ocrx_word' id='word_1_206' title='bbox 1686 2305 1744 2359; x_wconf 91' lang='lat' dir='ltr'><strong>et</strong></span> <span class='ocrx_word' id='word_1_207' title='bbox 1776 2298 2052 2377; x_wconf 83' lang='lat' dir='ltr'><strong>perfugas</strong></span> <span class='ocrx_word' id='word_1_208' title='bbox 2091 2295 2456 2358; x_wconf 86' lang='lat' dir='ltr'><strong>redditurum</strong></span> <span class='ocrx_word' id='word_1_209' title='bbox 2496 2297 2655 2358; x_wconf 86' lang='lat' dir='ltr'><strong>dixit.</strong></span> 
     </span>
     <span class='ocr_line' id='line_1_24' title="bbox 363 2381 2657 2465; baseline -0 -22"><span class='ocrx_word' id='word_1_210' title='bbox 363 2386 367 2389; x_wconf 52' lang='lat'><strong>⁴</strong></span> <span class='ocrx_word' id='word_1_211' title='bbox 393 2385 400 2389; x_wconf 80' lang='grc'><strong>’</strong></span> <span class='ocrx_word' id='word_1_212' title='bbox 460 2394 492 2443; x_wconf 84' lang='grc'><strong>4</strong></span> <span class='ocrx_word' id='word_1_213' title='bbox 535 2382 691 2444; x_wconf 89' lang='lat' dir='ltr'><strong>aliud</strong></span> <span class='ocrx_word' id='word_1_214' title='bbox 722 2382 773 2444; x_wconf 91' lang='lat' dir='ltr'><strong>si</strong></span> <span class='ocrx_word' id='word_1_215' title='bbox 804 2383 942 2463; x_wconf 88' lang='lat' dir='ltr'><strong>quid</strong></span> <span class='ocrx_word' id='word_1_216' title='bbox 970 2384 1351 2465; x_wconf 88' lang='lat' dir='ltr'><strong>postularent,</strong></span> <span class='ocrx_word' id='word_1_217' title='bbox 1381 2385 1670 2463; x_wconf 89' lang='lat' dir='ltr'><strong>scriptum</strong></span> <span class='ocrx_word' id='word_1_218' title='bbox 1698 2391 1765 2444; x_wconf 90' lang='lat' dir='ltr'><strong>ut</strong></span> <span class='ocrx_word' id='word_1_219' title='bbox 1788 2383 2025 2443; x_wconf 87' lang='lat' dir='ltr'><strong>ederent</strong></span> <span class='ocrx_word' id='word_1_220' title='bbox 2046 2381 2225 2461; x_wconf 90' lang='lat' dir='ltr'><strong>petiit,</strong></span> <span class='ocrx_word' id='word_1_221' title='bbox 2254 2389 2322 2443; x_wconf 90' lang='lat' dir='ltr'><strong>ut</strong></span> <span class='ocrx_word' id='word_1_222' title='bbox 2342 2381 2657 2445; x_wconf 87' lang='lat' dir='ltr'><strong>deliberare</strong></span> 
     </span>
     <span class='ocr_line' id='line_1_25' title="bbox 461 2467 2655 2550; baseline 0 -22"><span class='ocrx_word' id='word_1_223' title='bbox 461 2479 491 2527; x_wconf 86' lang='lat'>5</span> <span class='ocrx_word' id='word_1_224' title='bbox 535 2485 669 2529; x_wconf 90' lang='lat' dir='ltr'><strong>cum</strong></span> <span class='ocrx_word' id='word_1_225' title='bbox 710 2468 910 2532; x_wconf 88' lang='lat' dir='ltr'><strong>amicis</strong></span> <span class='ocrx_word' id='word_1_226' title='bbox 949 2476 1168 2550; x_wconf 84' lang='lat' dir='ltr'><strong>posset.</strong></span> <span class='ocrx_word' id='word_1_227' title='bbox 1228 2472 1307 2532; x_wconf 91' lang='lat' dir='ltr'><strong>ita</strong></span> <span class='ocrx_word' id='word_1_228' title='bbox 1347 2478 1404 2532; x_wconf 92' lang='lat' dir='ltr'><strong>et</strong></span> <span class='ocrx_word' id='word_1_229' title='bbox 1440 2479 1686 2550; x_wconf 84' lang='lat' dir='ltr'><strong>tyranno</strong></span> <span class='ocrx_word' id='word_1_230' title='bbox 1719 2475 1953 2547; x_wconf 89' lang='lat' dir='ltr'><strong>tempus</strong></span> <span class='ocrx_word' id='word_1_231' title='bbox 1985 2467 2185 2529; x_wconf 90' lang='lat' dir='ltr'><strong>datum</strong></span> <span class='ocrx_word' id='word_1_232' title='bbox 2216 2468 2655 2529; x_wconf 66' lang='lat' dir='ltr'><strong>ad‘consultan-</strong></span> 
     </span>
    </p>
   </div>
   <div class='ocr_carea' id='block_1_4' title="bbox 1153 352 2658 418">
    <p class='ocr_par' dir='ltr' id='par_1_8' title="bbox 1153 352 2658 418">
     <span class='ocr_line' id='line_1_26' title="bbox 1153 352 2658 418; baseline 0.006 -10"><span class='ocrx_word' id='word_1_233' title='bbox 1153 355 1346 409; x_wconf 84' lang='lat' dir='ltr'>LIBER</span> <span class='ocrx_word' id='word_1_234' title='bbox 1380 355 1627 409; x_wconf 84' lang='lat' dir='ltr'><strong>XXXIV.</strong></span> <span class='ocrx_word' id='word_1_235' title='bbox 1685 353 1825 407; x_wconf 79' lang='lat' dir='ltr'><strong>GAP.</strong></span> <span class='ocrx_word' id='word_1_236' title='bbox 1851 352 1933 407; x_wconf 77' lang='lat'><strong>32.</strong></span> <span class='ocrx_word' id='word_1_237' title='bbox 1958 353 2041 407; x_wconf 84' lang='lat'><strong>33.</strong></span> <span class='ocrx_word' id='word_1_238' title='bbox 2422 380 2467 413; x_wconf 74' lang='grc' dir='ltr'><strong>ι.</strong></span> <span class='ocrx_word' id='word_1_239' title='bbox 2491 382 2539 414; x_wconf 75' lang='grc' dir='ltr'><strong>ιι.</strong></span> <span class='ocrx_word' id='word_1_240' title='bbox 2558 374 2658 418; x_wconf 71' lang='grc'>859.</span> 
     </span>
    </p>
   </div>
   <div class='ocr_carea' id='block_1_5' title="bbox 1644 2648 2654 2915">
    <p class='ocr_par' dir='ltr' id='par_1_9' title="bbox 1644 2648 2654 2849">
     <span class='ocr_line' id='line_1_27' title="bbox 1644 2648 2654 2729; baseline 0 -29"><span class='ocrx_word' id='word_1_241' title='bbox 1644 2649 1678 2717; x_wconf 64' lang='grc' dir='ltr'><strong>ξ</strong></span> <span class='ocrx_word' id='word_1_242' title='bbox 1725 2649 1812 2700; x_wconf 90' lang='lat'><strong>14.</strong></span> <span class='ocrx_word' id='word_1_243' title='bbox 1852 2648 1968 2702; x_wconf 83' lang='lat' dir='ltr'><strong>nolo</strong></span> <span class='ocrx_word' id='word_1_244' title='bbox 2003 2648 2255 2717; x_wconf 74' lang='lat' dir='ltr'><strong>pluribus.</strong></span> <span class='ocrx_word' id='word_1_245' title='bbox 2294 2675 2364 2686; x_wconf 91' lang='grc'><strong>--</strong></span> <span class='ocrx_word' id='word_1_246' title='bbox 2438 2648 2654 2729; x_wconf 80' lang='lat' dir='ltr'><strong>epulan,</strong></span> 
     </span>
     <span class='ocr_line' id='line_1_28' title="bbox 1644 2716 2652 2782; baseline -0.001 -14"><span class='ocrx_word' id='word_1_247' title='bbox 1644 2718 1720 2768; x_wconf 82' lang='lat' dir='ltr'><strong>als</strong></span> <span class='ocrx_word' id='word_1_248' title='bbox 1747 2718 1808 2768; x_wconf 93' lang='lat' dir='ltr'><strong>ob</strong></span> <span class='ocrx_word' id='word_1_249' title='bbox 1833 2719 1898 2767; x_wconf 88' lang='lat' dir='ltr'><strong>du</strong></span> <span class='ocrx_word' id='word_1_250' title='bbox 1922 2719 2002 2767; x_wconf 85' lang='lat' dir='ltr'><strong>ein</strong></span> <span class='ocrx_word' id='word_1_251' title='bbox 2022 2717 2171 2768; x_wconf 84' lang='lat' dir='ltr'><strong>Manu</strong></span> <span class='ocrx_word' id='word_1_252' title='bbox 2191 2719 2279 2768; x_wconf 84' lang='lat' dir='ltr'><strong>des</strong></span> <span class='ocrx_word' id='word_1_253' title='bbox 2296 2716 2397 2768; x_wconf 70' lang='lat' dir='ltr'><strong>voi</strong></span> <span class='ocrx_word' id='word_1_254' title='bbox 2435 2733 2490 2768; x_wconf 86' lang='lat' dir='ltr'><strong>es</strong></span> <span class='ocrx_word' id='word_1_255' title='bbox 2511 2718 2652 2782; x_wconf 82' lang='lat' dir='ltr'><strong>seist,</strong></span> 
     </span>
     <span class='ocr_line' id='line_1_29' title="bbox 1830 2784 2649 2849; baseline 0.001 -15"><span class='ocrx_word' id='word_1_256' title='bbox 1830 2785 1878 2848; x_wconf 88' lang='lat'><strong>4,</strong></span> <span class='ocrx_word' id='word_1_257' title='bbox 1903 2786 1953 2834; x_wconf 89' lang='lat' dir='ltr'><strong>in</strong></span> <span class='ocrx_word' id='word_1_258' title='bbox 1972 2786 2141 2849; x_wconf 83' lang='lat' dir='ltr'><strong>Bezug</strong></span> <span class='ocrx_word' id='word_1_259' title='bbox 2159 2786 2304 2835; x_wconf 81' lang='lat' dir='ltr'><strong>aufe.</strong></span> <span class='ocrx_word' id='word_1_260' title='bbox 2327 2784 2408 2848; x_wconf 83' lang='lat'><strong>31,</strong></span> <span class='ocrx_word' id='word_1_261' title='bbox 2440 2784 2529 2847; x_wconf 97' lang='grc'><strong>14,</strong></span> <span class='ocrx_word' id='word_1_262' title='bbox 2558 2784 2649 2847; x_wconf 81' lang='lat'><strong>183</strong></span> 
     </span>
    </p>

    <p class='ocr_par' dir='ltr' id='par_1_10' title="bbox 1818 2852 2652 2915">
     <span class='ocr_line' id='line_1_30' title="bbox 1818 2852 2652 2915; baseline 0.002 -13"><span class='ocrx_word' id='word_1_263' title='bbox 1818 2887 1832 2913; x_wconf 92' lang='lat'><strong>,</strong></span> <span class='ocrx_word' id='word_1_264' title='bbox 1819 2852 1941 2902; x_wconf 85' lang='lat' dir='ltr'><strong>·der</strong></span> <span class='ocrx_word' id='word_1_265' title='bbox 1957 2854 2242 2915; x_wconf 85' lang='lat' dir='ltr'><strong>wichtigste</strong></span> <span class='ocrx_word' id='word_1_266' title='bbox 2254 2853 2427 2903; x_wconf 85' lang='lat' dir='ltr'><strong>Grund</strong></span> <span class='ocrx_word' id='word_1_267' title='bbox 2445 2853 2535 2903; x_wconf 85' lang='lat' dir='ltr'><strong>des</strong></span> <span class='ocrx_word' id='word_1_268' title='bbox 2546 2852 2593 2904; x_wconf 93' lang='lat' dir='ltr'><strong>N</strong></span> <span class='ocrx_word' id='word_1_269' title='bbox 2594 2868 2652 2903; x_wconf 88' lang='lat' dir='ltr'><strong>a·</strong></span> 
     </span>
    </p>
   </div>
   <div class='ocr_carea' id='block_1_6' title="bbox 524 2648 1744 2853">
    <p class='ocr_par' dir='ltr' id='par_1_11' title="bbox 524 2648 1730 2848">
     <span class='ocr_line' id='line_1_31' title="bbox 525 2648 1537 2717; baseline 0.001 -18"><span class='ocrx_word' id='word_1_270' title='bbox 525 2648 644 2699; x_wconf 86' lang='lat' dir='ltr'><strong>dem</strong></span> <span class='ocrx_word' id='word_1_271' title='bbox 681 2652 873 2700; x_wconf 73' lang='lat' dir='ltr'><strong>amicos</strong></span> <span class='ocrx_word' id='word_1_272' title='bbox 895 2655 1049 2717; x_wconf 75' lang='lat' dir='ltr'><strong>atque</strong></span> <span class='ocrx_word' id='word_1_273' title='bbox 1068 2654 1300 2701; x_wconf 78' lang='lat' dir='ltr'><strong>inimicos</strong></span> <span class='ocrx_word' id='word_1_274' title='bbox 1332 2651 1537 2701; x_wconf 73' lang='lat' dir='ltr'><strong>habere.</strong></span> 
     </span>
     <span class='ocr_line' id='line_1_32' title="bbox 524 2717 1535 2785; baseline -0.003 -16"><span class='ocrx_word' id='word_1_275' title='bbox 524 2744 595 2756; x_wconf 90' lang='lat'><strong>-—</strong></span> <span class='ocrx_word' id='word_1_276' title='bbox 634 2717 883 2782; x_wconf 59' lang='lat' dir='ltr'><strong>Mes-sen„</strong></span> <span class='ocrx_word' id='word_1_277' title='bbox 948 2721 1050 2783; x_wconf 82' lang='lat' dir='ltr'><strong>vgl.</strong></span> <span class='ocrx_word' id='word_1_278' title='bbox 1092 2719 1272 2785; x_wconf 75' lang='lat' dir='ltr'><strong>Polyb.</strong></span> <span class='ocrx_word' id='word_1_279' title='bbox 1322 2718 1407 2781; x_wconf 87' lang='grc'><strong>16,</strong></span> <span class='ocrx_word' id='word_1_280' title='bbox 1447 2717 1535 2781; x_wconf 81' lang='lat'><strong>133</strong></span> 
     </span>
     <span class='ocr_line' id='line_1_33' title="bbox 524 2784 1744 2853; baseline -0.002 -16"><span class='ocrx_word' id='word_1_281' title='bbox 524 2785 658 2837; x_wconf 85' lang='lat' dir='ltr'><strong>Plut.</strong></span> <span class='ocrx_word' id='word_1_282' title='bbox 682 2785 873 2853; x_wconf 89' lang='lat' dir='ltr'><strong>Philop.</strong></span> <span class='ocrx_word' id='word_1_283' title='bbox 906 2787 994 2848; x_wconf 84' lang='lat'><strong>123</strong></span> <span class='ocrx_word' id='word_1_284' title='bbox 1027 2787 1240 2838; x_wconf 85' lang='lat' dir='ltr'><strong>Pausan</strong></span> <span class='ocrx_word' id='word_1_285' title='bbox 1280 2784 1329 2851; x_wconf 87' lang='lat'><strong>8,</strong></span> <span class='ocrx_word' id='word_1_286' title='bbox 1360 2787 1443 2846; x_wconf 90' lang='lat'><strong>50,</strong></span> <span class='ocrx_word' id='word_1_287' title='bbox 1476 2786 1533 2846; x_wconf 84' lang='lat'><strong>53</strong></span> <span class='ocrx_word' id='word_1_288' title='bbox 1644 2787 1744 2848; x_wconf 79' lang='lat' dir='ltr'><strong>vgl.</strong></span> 
     </span>
    </p>
   </div>
   <div class='ocr_carea' id='block_1_7' title="bbox 521 2852 2650 3003">
    <p class='ocr_par' dir='ltr' id='par_1_12' title="bbox 521 2852 2650 2990">
     <span class='ocr_line' id='line_1_34' title="bbox 521 2852 1752 2917; baseline -0.002 -11.988"><span class='ocrx_word' id='word_1_289' title='bbox 521 2868 583 2905; x_wconf 85' lang='lat' dir='ltr'><strong>es</strong></span> <span class='ocrx_word' id='word_1_290' title='bbox 617 2870 726 2905; x_wconf 83' lang='lat' dir='ltr'><strong>war</strong></span> <span class='ocrx_word' id='word_1_291' title='bbox 760 2862 892 2906; x_wconf 85' lang='lat' dir='ltr'><strong>etwa</strong></span> <span class='ocrx_word' id='word_1_292' title='bbox 916 2854 1011 2905; x_wconf 90' lang='grc'><strong>201</strong></span> <span class='ocrx_word' id='word_1_293' title='bbox 1045 2871 1092 2905; x_wconf 84' lang='lat' dir='ltr'><strong>a.</strong></span> <span class='ocrx_word' id='word_1_294' title='bbox 1117 2856 1204 2906; x_wconf 88' lang='lat' dir='ltr'><strong>Ch.</strong></span> <span class='ocrx_word' id='word_1_295' title='bbox 1236 2855 1532 2917; x_wconf 85' lang='lat' dir='ltr'><strong>geschehen.</strong></span> <span class='ocrx_word' id='word_1_296' title='bbox 1646 2854 1692 2917; x_wconf 86' lang='lat'><strong>2,</strong></span> <span class='ocrx_word' id='word_1_297' title='bbox 1705 2852 1752 2916; x_wconf 89' lang='lat'><strong>8,</strong></span> 
     </span>
     <span class='ocr_line' id='line_1_35' title="bbox 523 2917 2650 3003; baseline -0.001 -30"><span class='ocrx_word' id='word_1_298' title='bbox 523 2951 580 2960; x_wconf 90' lang='lat'><strong>-—</strong></span> <span class='ocrx_word' id='word_1_299' title='bbox 614 2924 792 2975; x_wconf 85' lang='lat' dir='ltr'><strong>eodem</strong></span> <span class='ocrx_word' id='word_1_300' title='bbox 824 2939 920 2990; x_wconf 78' lang='lat' dir='ltr'><strong>quo</strong></span> <span class='ocrx_word' id='word_1_301' title='bbox 960 2928 1012 2973; x_wconf 85' lang='lat' dir='ltr'><strong>et</strong></span> <span class='ocrx_word' id='word_1_302' title='bbox 1032 2922 1185 2986; x_wconf 53' lang='lat' dir='ltr'><strong>Lac„</strong></span> <span class='ocrx_word' id='word_1_303' title='bbox 1220 2923 1532 3003; x_wconf 54' lang='lat' dir='ltr'><strong>ungewiihn:</strong></span> <span class='ocrx_word' id='word_1_304' title='bbox 1643 2922 1737 2987; x_wconf 87' lang='lat' dir='ltr'><strong>bis,</strong></span> <span class='ocrx_word' id='word_1_305' title='bbox 1756 2921 1872 2970; x_wconf 85' lang='lat' dir='ltr'><strong>dass</strong></span> <span class='ocrx_word' id='word_1_306' title='bbox 1896 2936 1955 2970; x_wconf 89' lang='lat' dir='ltr'><strong>er</strong></span> <span class='ocrx_word' id='word_1_307' title='bbox 1970 2917 2075 2971; x_wconf 84' lang='lat' dir='ltr'><strong>fast</strong></span> <span class='ocrx_word' id='word_1_308' title='bbox 2091 2921 2238 2984; x_wconf 70' lang='lat' dir='ltr'><strong>alleS,</strong></span> <span class='ocrx_word' id='word_1_309' title='bbox 2263 2935 2368 2970; x_wconf 84' lang='lat' dir='ltr'><strong>was</strong></span> <span class='ocrx_word' id='word_1_310' title='bbox 2388 2920 2650 2986; x_wconf 77' lang='lat' dir='ltr'><strong>Quinctius</strong></span> 
     </span>
    </p>
   </div>
   <div class='ocr_carea' id='block_1_8' title="bbox 523 2984 1533 3057">
    <p class='ocr_par' dir='ltr' id='par_1_13' title="bbox 523 2984 1533 3057">
     <span class='ocr_line' id='line_1_36' title="bbox 523 2984 1533 3057; baseline 0.001 -17"><span class='ocrx_word' id='word_1_311' title='bbox 523 2990 682 3041; x_wconf 86' lang='lat' dir='ltr'><strong>liehe</strong></span> <span class='ocrx_word' id='word_1_312' title='bbox 701 2993 814 3042; x_wconf 90' lang='lat' dir='ltr'><strong>dem</strong></span> <span class='ocrx_word' id='word_1_313' title='bbox 860 2991 1202 3053; x_wconf 81' lang='lat' dir='ltr'><strong>griechischen</strong></span> <span class='ocrx_word' id='word_1_314' title='bbox 1238 2993 1314 3057; x_wconf 78' lang='grc' dir='ltr'><strong>τῷ</strong></span> <span class='ocrx_word' id='word_1_315' title='bbox 1365 2984 1533 3056; x_wconf 76' lang='grc' dir='ltr'>αὐτῷ,</span> 
     </span>
    </p>
   </div>
   <div class='ocr_carea' id='block_1_9' title="bbox 521 3044 1534 3191">
    <p class='ocr_par' dir='ltr' id='par_1_14' title="bbox 521 3044 1534 3191">
     <span class='ocr_line' id='line_1_37' title="bbox 524 3044 1532 3125; baseline -0.002 -16"><span class='ocrx_word' id='word_1_316' title='bbox 524 3044 570 3125; x_wconf 73' lang='grc' dir='ltr'><em>ᾧ</em></span> <span class='ocrx_word' id='word_1_317' title='bbox 608 3060 701 3109; x_wconf 84' lang='grc' dir='ltr'><strong>καὶ</strong></span> <span class='ocrx_word' id='word_1_318' title='bbox 742 3060 1100 3121; x_wconf 85' lang='lat' dir='ltr'><strong>nachgeahmte</strong></span> <span class='ocrx_word' id='word_1_319' title='bbox 1137 3060 1442 3122; x_wconf 82' lang='lat' dir='ltr'><strong>Attraction‚</strong></span> <span class='ocrx_word' id='word_1_320' title='bbox 1489 3074 1532 3107; x_wconf 80' lang='lat' dir='ltr'><strong>s,</strong></span> 
     </span>
     <span class='ocr_line' id='line_1_38' title="bbox 521 3125 1534 3191; baseline 0 -16"><span class='ocrx_word' id='word_1_321' title='bbox 521 3126 605 3190; x_wconf 88' lang='grc'><strong>29,</strong></span> <span class='ocrx_word' id='word_1_322' title='bbox 632 3126 717 3189; x_wconf 85' lang='grc'><strong>31,</strong></span> <span class='ocrx_word' id='word_1_323' title='bbox 739 3127 818 3188; x_wconf 83' lang='grc'>2;</span> <span class='ocrx_word' id='word_1_324' title='bbox 855 3125 913 3175; x_wconf 91' lang='grc' dir='ltr'>Ζ.</span> <span class='ocrx_word' id='word_1_325' title='bbox 940 3126 974 3191; x_wconf 56' lang='grc' dir='ltr'>ὅ</span> <span class='ocrx_word' id='word_1_326' title='bbox 1000 3126 1115 3176; x_wconf 86' lang='grc'>774.</span> <span class='ocrx_word' id='word_1_327' title='bbox 1165 3127 1263 3176; x_wconf 85' lang='lat' dir='ltr'><strong>Das</strong></span> <span class='ocrx_word' id='word_1_328' title='bbox 1288 3125 1534 3176; x_wconf 81' lang='lat' dir='ltr'><strong>Biindniss</strong></span> 
     </span>
    </p>
   </div>
   <div class='ocr_carea' id='block_1_10' title="bbox 471 3193 1535 4082">
    <p class='ocr_par' dir='ltr' id='par_1_15' title="bbox 471 3193 1535 4082">
     <span class='ocr_line' id='line_1_39' title="bbox 522 3193 1535 3245; baseline 0 -2"><span class='ocrx_word' id='word_1_329' title='bbox 522 3208 632 3243; x_wconf 83' lang='lat' dir='ltr'><strong>war</strong></span> <span class='ocrx_word' id='word_1_330' title='bbox 665 3194 806 3243; x_wconf 87' lang='lat' dir='ltr'><strong>viell.</strong></span> <span class='ocrx_word' id='word_1_331' title='bbox 839 3208 933 3241; x_wconf 83' lang='lat' dir='ltr'><strong>nur</strong></span> <span class='ocrx_word' id='word_1_332' title='bbox 971 3195 1062 3243; x_wconf 89' lang='lat' dir='ltr'><strong>der</strong></span> <span class='ocrx_word' id='word_1_333' title='bbox 1095 3193 1288 3245; x_wconf 80' lang='lat' dir='ltr'><strong>Zutritt</strong></span> <span class='ocrx_word' id='word_1_334' title='bbox 1323 3211 1388 3244; x_wconf 87' lang='lat' dir='ltr'><strong>zu</strong></span> <span class='ocrx_word' id='word_1_335' title='bbox 1424 3196 1535 3243; x_wconf 86' lang='lat' dir='ltr'><strong>dem</strong></span> 
     </span>
     <span class='ocr_line' id='line_1_40' title="bbox 524 3257 1534 3324; baseline -0.001 -13"><span class='ocrx_word' id='word_1_336' title='bbox 524 3260 608 3324; x_wconf 93' lang='grc'><strong>26,</strong></span> <span class='ocrx_word' id='word_1_337' title='bbox 633 3259 716 3324; x_wconf 90' lang='grc'><strong>24,</strong></span> <span class='ocrx_word' id='word_1_338' title='bbox 743 3260 801 3321; x_wconf 82' lang='grc'><strong>9;</strong></span> <span class='ocrx_word' id='word_1_339' title='bbox 830 3257 912 3321; x_wconf 83' lang='grc'><strong>29,</strong></span> <span class='ocrx_word' id='word_1_340' title='bbox 941 3260 1020 3320; x_wconf 89' lang='grc'><strong>12,</strong></span> <span class='ocrx_word' id='word_1_341' title='bbox 1057 3261 1122 3310; x_wconf 88' lang='grc'><strong>14</strong></span> <span class='ocrx_word' id='word_1_342' title='bbox 1146 3262 1534 3324; x_wconf 81' lang='lat' dir='ltr'><strong>geschlossenen</strong></span> 
     </span>
     <span class='ocr_line' id='line_1_41' title="bbox 524 3327 1534 3392; baseline 0 -14"><span class='ocrx_word' id='word_1_343' title='bbox 524 3329 649 3378; x_wconf 86' lang='lat' dir='ltr'><strong>oder</strong></span> <span class='ocrx_word' id='word_1_344' title='bbox 680 3328 729 3377; x_wconf 88' lang='lat' dir='ltr'><strong>in</strong></span> <span class='ocrx_word' id='word_1_345' title='bbox 762 3327 921 3390; x_wconf 82' lang='lat' dir='ltr'><strong>Folge</strong></span> <span class='ocrx_word' id='word_1_346' title='bbox 955 3328 1218 3379; x_wconf 82' lang='lat' dir='ltr'><strong>desselben</strong></span> <span class='ocrx_word' id='word_1_347' title='bbox 1262 3329 1534 3392; x_wconf 82' lang='lat' dir='ltr'><strong>eingegan-</strong></span> 
     </span>
     <span class='ocr_line' id='line_1_42' title="bbox 471 3394 1531 3464; baseline 0.001 -18"><span class='ocrx_word' id='word_1_348' title='bbox 471 3399 475 3404; x_wconf 77' lang='grc'><strong>’</strong></span> <span class='ocrx_word' id='word_1_349' title='bbox 521 3411 644 3459; x_wconf 78' lang='lat' dir='ltr'><strong>gen3</strong></span> <span class='ocrx_word' id='word_1_350' title='bbox 677 3396 780 3460; x_wconf 81' lang='lat' dir='ltr'><strong>vgl.</strong></span> <span class='ocrx_word' id='word_1_351' title='bbox 809 3412 851 3446; x_wconf 88' lang='lat' dir='ltr'><strong>c.</strong></span> <span class='ocrx_word' id='word_1_352' title='bbox 877 3394 971 3461; x_wconf 91' lang='lat'><strong>31,</strong></span> <span class='ocrx_word' id='word_1_353' title='bbox 1007 3397 1053 3446; x_wconf 87' lang='lat'><strong>5.</strong></span> <span class='ocrx_word' id='word_1_354' title='bbox 1083 3424 1152 3434; x_wconf 91' lang='lat'><strong>--</strong></span> <span class='ocrx_word' id='word_1_355' title='bbox 1184 3396 1411 3464; x_wconf 57' lang='lat' dir='ltr'><strong>adfinia,</strong></span> <span class='ocrx_word' id='word_1_356' title='bbox 1449 3397 1531 3460; x_wconf 89' lang='grc'><strong>32,</strong></span> 
     </span>
     <span class='ocr_line' id='line_1_43' title="bbox 521 3463 1530 3529; baseline 0.001 -16"><span class='ocrx_word' id='word_1_357' title='bbox 521 3463 605 3514; x_wconf 88' lang='grc'>38.</span> <span class='ocrx_word' id='word_1_358' title='bbox 630 3490 701 3501; x_wconf 86' lang='grc'><strong>-</strong></span> <span class='ocrx_word' id='word_1_359' title='bbox 721 3464 1005 3529; x_wconf 75' lang='lat' dir='ltr'><strong>Philoclen,</strong></span> <span class='ocrx_word' id='word_1_360' title='bbox 1033 3480 1075 3516; x_wconf 74' lang='lat' dir='ltr'><strong>a.</strong></span> <span class='ocrx_word' id='word_1_361' title='bbox 1100 3464 1188 3527; x_wconf 86' lang='lat'><strong>32,</strong></span> <span class='ocrx_word' id='word_1_362' title='bbox 1220 3465 1306 3528; x_wconf 82' lang='lat'><strong>16,</strong></span> <span class='ocrx_word' id='word_1_363' title='bbox 1347 3465 1435 3527; x_wconf 78' lang='lat'><strong>123</strong></span> <span class='ocrx_word' id='word_1_364' title='bbox 1466 3466 1530 3516; x_wconf 87' lang='lat' dir='ltr'><strong>ib.</strong></span> 
     </span>
     <span class='ocr_line' id='line_1_44' title="bbox 523 3532 1532 3599; baseline 0.002 -16"><span class='ocrx_word' id='word_1_365' title='bbox 523 3532 605 3597; x_wconf 87' lang='lat'><strong>38,</strong></span> <span class='ocrx_word' id='word_1_366' title='bbox 631 3532 692 3594; x_wconf 81' lang='lat'><strong>53</strong></span> <span class='ocrx_word' id='word_1_367' title='bbox 719 3532 802 3596; x_wconf 92' lang='grc'><strong>24,</strong></span> <span class='ocrx_word' id='word_1_368' title='bbox 829 3532 911 3596; x_wconf 90' lang='grc'>31,</span> <span class='ocrx_word' id='word_1_369' title='bbox 939 3533 986 3583; x_wconf 90' lang='grc'>2.</span> <span class='ocrx_word' id='word_1_370' title='bbox 1009 3561 1079 3571; x_wconf 88' lang='lat'><strong>·—</strong></span> <span class='ocrx_word' id='word_1_371' title='bbox 1103 3533 1285 3584; x_wconf 80' lang='lat' dir='ltr'><strong>bellum</strong></span> <span class='ocrx_word' id='word_1_372' title='bbox 1306 3561 1372 3570; x_wconf 95' lang='lat'><strong>—</strong></span> <span class='ocrx_word' id='word_1_373' title='bbox 1394 3549 1532 3599; x_wconf 65' lang='lat' dir='ltr'><strong>ger„</strong></span> 
     </span>
     <span class='ocr_line' id='line_1_45' title="bbox 520 3600 1535 3667; baseline 0 -14"><span class='ocrx_word' id='word_1_374' title='bbox 520 3602 584 3653; x_wconf 83' lang='lat' dir='ltr'><strong>du</strong></span> <span class='ocrx_word' id='word_1_375' title='bbox 618 3615 677 3650; x_wconf 85' lang='lat' dir='ltr'><strong>er</strong></span> <span class='ocrx_word' id='word_1_376' title='bbox 711 3602 848 3652; x_wconf 89' lang='lat' dir='ltr'><strong>nicht</strong></span> <span class='ocrx_word' id='word_1_377' title='bbox 880 3601 1106 3652; x_wconf 83' lang='lat' dir='ltr'><strong>f&#39;o‘rmlich</strong></span> <span class='ocrx_word' id='word_1_378' title='bbox 1140 3600 1297 3667; x_wconf 75' lang='lat' dir='ltr'><strong>Rrieg</strong></span> <span class='ocrx_word' id='word_1_379' title='bbox 1329 3602 1535 3666; x_wconf 82' lang='lat' dir='ltr'><strong>gefiihrt</strong></span> 
     </span>
     <span class='ocr_line' id='line_1_46' title="bbox 520 3669 1534 3732; baseline 0 -13"><span class='ocrx_word' id='word_1_380' title='bbox 520 3670 609 3720; x_wconf 88' lang='lat' dir='ltr'><strong>hat</strong></span> <span class='ocrx_word' id='word_1_381' title='bbox 639 3691 711 3712; x_wconf 87' lang='lat'>=</span> <span class='ocrx_word' id='word_1_382' title='bbox 743 3670 820 3719; x_wconf 84' lang='lat' dir='ltr'><strong>als</strong></span> <span class='ocrx_word' id='word_1_383' title='bbox 863 3669 1052 3721; x_wconf 82' lang='lat' dir='ltr'><strong>offener</strong></span> <span class='ocrx_word' id='word_1_384' title='bbox 1084 3670 1287 3732; x_wconf 63' lang='lat' dir='ltr'><strong>Feind3⁴</strong></span> <span class='ocrx_word' id='word_1_385' title='bbox 1316 3672 1381 3721; x_wconf 86' lang='lat' dir='ltr'><strong>du</strong></span> <span class='ocrx_word' id='word_1_386' title='bbox 1420 3671 1534 3720; x_wconf 88' lang='lat' dir='ltr'><strong>bast</strong></span> 
     </span>
     <span class='ocr_line' id='line_1_47' title="bbox 522 3737 1532 3789; baseline -0.001 -2"><span class='ocrx_word' id='word_1_387' title='bbox 522 3738 635 3789; x_wconf 81' lang='lat' dir='ltr'><strong>dich</strong></span> <span class='ocrx_word' id='word_1_388' title='bbox 668 3739 794 3789; x_wconf 87' lang='lat' dir='ltr'><strong>auch</strong></span> <span class='ocrx_word' id='word_1_389' title='bbox 826 3739 980 3787; x_wconf 88' lang='lat' dir='ltr'><strong>durch</strong></span> <span class='ocrx_word' id='word_1_390' title='bbox 1016 3739 1095 3789; x_wconf 87' lang='lat' dir='ltr'><strong>die</strong></span> <span class='ocrx_word' id='word_1_391' title='bbox 1128 3738 1260 3789; x_wconf 84' lang='lat' dir='ltr'><strong>That</strong></span> <span class='ocrx_word' id='word_1_392' title='bbox 1290 3740 1366 3789; x_wconf 88' lang='lat' dir='ltr'><strong>als</strong></span> <span class='ocrx_word' id='word_1_393' title='bbox 1400 3737 1532 3787; x_wconf 87' lang='lat' dir='ltr'><strong>Bun-</strong></span> 
     </span>
     <span class='ocr_line' id='line_1_48' title="bbox 522 3804 1535 3874; baseline -0.002 -17"><span class='ocrx_word' id='word_1_394' title='bbox 522 3807 831 3871; x_wconf 79' lang='lat' dir='ltr'><strong>desgeuosse</strong></span> <span class='ocrx_word' id='word_1_395' title='bbox 868 3804 982 3856; x_wconf 89' lang='lat' dir='ltr'><strong>Ph’s</strong></span> <span class='ocrx_word' id='word_1_396' title='bbox 1024 3808 1235 3871; x_wconf 83' lang='lat' dir='ltr'><strong>gezeigt.</strong></span> <span class='ocrx_word' id='word_1_397' title='bbox 1272 3834 1340 3845; x_wconf 92' lang='lat'><strong>--</strong></span> <span class='ocrx_word' id='word_1_398' title='bbox 1378 3821 1535 3874; x_wconf 86' lang='lat' dir='ltr'><strong>parce</strong></span> 
     </span>
     <span class='ocr_line' id='line_1_49' title="bbox 520 3874 1529 3926; baseline -0.001 -1"><span class='ocrx_word' id='word_1_399' title='bbox 520 3875 611 3925; x_wconf 87' lang='lat' dir='ltr'><strong>mit</strong></span> <span class='ocrx_word' id='word_1_400' title='bbox 638 3877 748 3926; x_wconf 86' lang='lat' dir='ltr'><strong>dem</strong></span> <span class='ocrx_word' id='word_1_401' title='bbox 772 3874 954 3926; x_wconf 79' lang='lat' dir='ltr'><strong>infinit.</strong></span> <span class='ocrx_word' id='word_1_402' title='bbox 982 3875 1137 3925; x_wconf 84' lang='lat' dir='ltr'><strong>findet</strong></span> <span class='ocrx_word' id='word_1_403' title='bbox 1162 3877 1267 3926; x_wconf 84' lang='lat' dir='ltr'><strong>sich</strong></span> <span class='ocrx_word' id='word_1_404' title='bbox 1291 3875 1433 3925; x_wconf 83' lang='lat' dir='ltr'><strong>mehr</strong></span> <span class='ocrx_word' id='word_1_405' title='bbox 1450 3874 1529 3926; x_wconf 86' lang='lat' dir='ltr'><strong>bei</strong></span> 
     </span>
     <span class='ocr_line' id='line_1_50' title="bbox 522 3942 1531 4007; baseline -0.001 -14"><span class='ocrx_word' id='word_1_406' title='bbox 522 3943 619 3994; x_wconf 85' lang='lat' dir='ltr'><strong>den</strong></span> <span class='ocrx_word' id='word_1_407' title='bbox 642 3942 916 3995; x_wconf 81' lang='lat' dir='ltr'><strong>Romikern</strong></span> <span class='ocrx_word' id='word_1_408' title='bbox 939 3943 1041 3993; x_wconf 86' lang='lat' dir='ltr'><strong>und</strong></span> <span class='ocrx_word' id='word_1_409' title='bbox 1058 3944 1109 3992; x_wconf 89' lang='lat' dir='ltr'><strong>in</strong></span> <span class='ocrx_word' id='word_1_410' title='bbox 1137 3945 1228 3994; x_wconf 87' lang='lat' dir='ltr'><strong>der</strong></span> <span class='ocrx_word' id='word_1_411' title='bbox 1253 3942 1531 4007; x_wconf 78' lang='lat' dir='ltr'><strong>Umgangs-</strong></span> 
     </span>
     <span class='ocr_line' id='line_1_51' title="bbox 524 4010 1532 4082; baseline 0.001 -22"><span class='ocrx_word' id='word_1_412' title='bbox 524 4014 751 4081; x_wconf 77' lang='lat' dir='ltr'><strong>sprache,</strong></span> <span class='ocrx_word' id='word_1_413' title='bbox 776 4013 961 4067; x_wconf 79' lang='lat' dir='ltr'><strong>ebenso</strong></span> <span class='ocrx_word' id='word_1_414' title='bbox 980 4012 1071 4082; x_wconf 62' lang='grc' dir='ltr'>εἰς,</span> <span class='ocrx_word' id='word_1_415' title='bbox 1096 4027 1137 4062; x_wconf 89' lang='lat' dir='ltr'><strong>s.</strong></span> <span class='ocrx_word' id='word_1_416' title='bbox 1158 4010 1241 4079; x_wconf 91' lang='lat'><strong>23,</strong></span> <span class='ocrx_word' id='word_1_417' title='bbox 1266 4011 1349 4077; x_wconf 84' lang='lat'><strong>47,</strong></span> <span class='ocrx_word' id='word_1_418' title='bbox 1377 4010 1408 4059; x_wconf 82' lang='lat'>6</span> <span class='ocrx_word' id='word_1_419' title='bbox 1433 4010 1532 4062; x_wconf 88' lang='lat' dir='ltr'><strong>und</strong></span> 
     </span>
    </p>
   </div>
   <div class='ocr_carea' id='block_1_11' title="bbox 1637 2958 2653 4071">
    <p class='ocr_par' dir='ltr' id='par_1_16' title="bbox 1637 2958 2653 4059">
     <span class='ocr_line' id='line_1_52' title="bbox 1642 2958 2653 3053; baseline -0.001 -13"><span class='ocrx_word' id='word_1_420' title='bbox 1642 2989 1817 3052; x_wconf 85' lang='lat' dir='ltr'><strong>tadelt,</strong></span> <span class='ocrx_word' id='word_1_421' title='bbox 1843 2990 1993 3038; x_wconf 86' lang='lat' dir='ltr'><strong>schon</strong></span> <span class='ocrx_word' id='word_1_422' title='bbox 2014 2990 2196 3052; x_wconf 82' lang='lat' dir='ltr'><strong>gethan</strong></span> <span class='ocrx_word' id='word_1_423' title='bbox 2217 2958 2367 3053; x_wconf 72' lang='lat' dir='ltr'><strong>hatte,</strong></span> <span class='ocrx_word' id='word_1_424' title='bbox 2389 2989 2466 3039; x_wconf 84' lang='lat' dir='ltr'><strong>als</strong></span> <span class='ocrx_word' id='word_1_425' title='bbox 2484 2989 2653 3039; x_wconf 81' lang='lat' dir='ltr'><strong>dieser</strong></span> 
     </span>
     <span class='ocr_line' id='line_1_53' title="bbox 1641 3025 2649 3123; baseline -0.001 -16"><span class='ocrx_word' id='word_1_426' title='bbox 1641 3025 2000 3123; x_wconf 67' lang='lat' dir='ltr'><strong>Hiilfst&#39;ruppen</strong></span> <span class='ocrx_word' id='word_1_427' title='bbox 2025 3072 2124 3106; x_wconf 83' lang='lat' dir='ltr'><strong>von</strong></span> <span class='ocrx_word' id='word_1_428' title='bbox 2149 3057 2245 3106; x_wconf 90' lang='lat' dir='ltr'><strong>ihm</strong></span> <span class='ocrx_word' id='word_1_429' title='bbox 2269 3058 2501 3119; x_wconf 85' lang='lat' dir='ltr'><strong>annahm,</strong></span> <span class='ocrx_word' id='word_1_430' title='bbox 2538 3072 2579 3109; x_wconf 85' lang='lat' dir='ltr'><strong>s.</strong></span> <span class='ocrx_word' id='word_1_431' title='bbox 2605 3073 2649 3107; x_wconf 87' lang='lat' dir='ltr'><strong>c.</strong></span> 
     </span>
     <span class='ocr_line' id='line_1_54' title="bbox 1642 3096 2559 3189; baseline 0.001 -15"><span class='ocrx_word' id='word_1_432' title='bbox 1642 3125 1733 3181; x_wconf 87' lang='lat'><strong>31,</strong></span> <span class='ocrx_word' id='word_1_433' title='bbox 1760 3124 1874 3188; x_wconf 68' lang='lat' dir='ltr'><strong>aff„</strong></span> <span class='ocrx_word' id='word_1_434' title='bbox 1900 3127 1968 3175; x_wconf 85' lang='lat' dir='ltr'><strong>ist</strong></span> <span class='ocrx_word' id='word_1_435' title='bbox 1991 3125 2126 3174; x_wconf 87' lang='lat' dir='ltr'><strong>nieht</strong></span> <span class='ocrx_word' id='word_1_436' title='bbox 2150 3096 2559 3189; x_wconf 74' lang='lat' dir='ltr'><strong>heriicksichtigt.</strong></span> 
     </span>
     <span class='ocr_line' id='line_1_55' title="bbox 1712 3159 2647 3257; baseline -0.003 -12"><span class='ocrx_word' id='word_1_437' title='bbox 1712 3159 1962 3245; x_wconf 76' lang='grc'>’83.1-</span> <span class='ocrx_word' id='word_1_438' title='bbox 1972 3192 2020 3241; x_wconf 96' lang='grc'><strong>4.</strong></span> <span class='ocrx_word' id='word_1_439' title='bbox 2059 3192 2458 3257; x_wconf 71' lang='lat' dir='ltr'><strong>‹zum-dum,</strong></span> <span class='ocrx_word' id='word_1_440' title='bbox 2493 3208 2536 3242; x_wconf 58' lang='grc' dir='ltr'><strong><em>ε</em></strong></span> <span class='ocrx_word' id='word_1_441' title='bbox 2564 3192 2647 3255; x_wconf 83' lang='grc'><strong>31,</strong></span> 
     </span>
     <span class='ocr_line' id='line_1_56' title="bbox 1647 3261 2650 3327; baseline 0 -17"><span class='ocrx_word' id='word_1_442' title='bbox 1647 3261 1722 3327; x_wconf 88' lang='lat'><strong>15,</strong></span> <span class='ocrx_word' id='word_1_443' title='bbox 1749 3261 1797 3310; x_wconf 89' lang='lat'><strong>4.</strong></span> <span class='ocrx_word' id='word_1_444' title='bbox 1815 3287 1884 3297; x_wconf 89' lang='lat'><strong>-—</strong></span> <span class='ocrx_word' id='word_1_445' title='bbox 1899 3263 2216 3322; x_wconf 79' lang='lat' dir='ltr'><strong>nominatim,</strong></span> <span class='ocrx_word' id='word_1_446' title='bbox 2236 3261 2650 3311; x_wconf 81' lang='lat' dir='ltr'><strong>wahrscheinlich</strong></span> 
     </span>
     <span class='ocr_line' id='line_1_57' title="bbox 1642 3327 2650 3393; baseline 0 -14"><span class='ocrx_word' id='word_1_447' title='bbox 1642 3330 1748 3391; x_wconf 88' lang='lat' dir='ltr'><strong>die,</strong></span> <span class='ocrx_word' id='word_1_448' title='bbox 1800 3329 1990 3378; x_wconf 84' lang='lat' dir='ltr'><strong>welche</strong></span> <span class='ocrx_word' id='word_1_449' title='bbox 2021 3328 2210 3378; x_wconf 82' lang='lat' dir='ltr'><strong>Aratus</strong></span> <span class='ocrx_word' id='word_1_450' title='bbox 2244 3344 2358 3379; x_wconf 91' lang='lat' dir='ltr'><strong>zum</strong></span> <span class='ocrx_word' id='word_1_451' title='bbox 2390 3327 2650 3393; x_wconf 79' lang='lat' dir='ltr'><strong>Aufgeben</strong></span> 
     </span>
     <span class='ocr_line' id='line_1_58' title="bbox 1643 3396 2649 3464; baseline -0.002 -17"><span class='ocrx_word' id='word_1_452' title='bbox 1643 3397 1735 3447; x_wconf 85' lang='lat' dir='ltr'><strong>der</strong></span> <span class='ocrx_word' id='word_1_453' title='bbox 1776 3396 2005 3464; x_wconf 75' lang='lat' dir='ltr'><strong>tyrannis</strong></span> <span class='ocrx_word' id='word_1_454' title='bbox 2047 3396 2289 3460; x_wconf 75' lang='lat' dir='ltr'><strong>bewogen</strong></span> <span class='ocrx_word' id='word_1_455' title='bbox 2328 3398 2492 3457; x_wconf 80' lang='lat' dir='ltr'><strong>hatte,</strong></span> <span class='ocrx_word' id='word_1_456' title='bbox 2544 3397 2649 3461; x_wconf 80' lang='lat' dir='ltr'><strong>vgl.</strong></span> 
     </span>
     <span class='ocr_line' id='line_1_59' title="bbox 1638 3463 2649 3534; baseline -0.001 -19"><span class='ocrx_word' id='word_1_457' title='bbox 1638 3464 1816 3531; x_wconf 80' lang='lat' dir='ltr'><strong>Polyb.</strong></span> <span class='ocrx_word' id='word_1_458' title='bbox 1844 3465 1906 3528; x_wconf 89' lang='grc'><strong>2,</strong></span> <span class='ocrx_word' id='word_1_459' title='bbox 1934 3463 2017 3514; x_wconf 89' lang='grc'><strong>44.</strong></span> <span class='ocrx_word' id='word_1_460' title='bbox 2041 3481 2242 3516; x_wconf 76' lang='lat' dir='ltr'><strong>—nooe</strong></span> <span class='ocrx_word' id='word_1_461' title='bbox 2260 3480 2426 3534; x_wconf 82' lang='lat' dir='ltr'><strong>prope</strong></span> <span class='ocrx_word' id='word_1_462' title='bbox 2450 3465 2537 3530; x_wconf 67' lang='grc' dir='ltr'><strong>ἱείς</strong></span> <span class='ocrx_word' id='word_1_463' title='bbox 2552 3465 2649 3516; x_wconf 82' lang='lat' dir='ltr'><strong>wie</strong></span> 
     </span>
     <span class='ocr_line' id='line_1_60' title="bbox 1639 3502 2650 3600; baseline -0.002 -16"><span class='ocrx_word' id='word_1_464' title='bbox 1639 3547 1695 3584; x_wconf 86' lang='lat' dir='ltr'><strong>es</strong></span> <span class='ocrx_word' id='word_1_465' title='bbox 1722 3502 1944 3595; x_wconf 61' lang='lat' dir='ltr'><strong>schein&#39;t,</strong></span> <span class='ocrx_word' id='word_1_466' title='bbox 1971 3548 2036 3581; x_wconf 86' lang='lat' dir='ltr'><strong>zu</strong></span> <span class='ocrx_word' id='word_1_467' title='bbox 2058 3532 2360 3596; x_wconf 79' lang='lat' dir='ltr'><strong>vet-hindan,</strong></span> <span class='ocrx_word' id='word_1_468' title='bbox 2424 3548 2551 3600; x_wconf 79' lang='lat' dir='ltr'><strong>rope</strong></span> <span class='ocrx_word' id='word_1_469' title='bbox 2571 3539 2650 3582; x_wconf 83' lang='lat' dir='ltr'><strong>at-</strong></span> 
     </span>
     <span class='ocr_line' id='line_1_61' title="bbox 1638 3569 2652 3664; baseline 0 -13"><span class='ocrx_word' id='word_1_470' title='bbox 1638 3601 1874 3651; x_wconf 86' lang='lat' dir='ltr'><strong>tributiv:</strong></span> <span class='ocrx_word' id='word_1_471' title='bbox 1901 3569 1982 3649; x_wconf 73' lang='lat' dir='ltr'><strong>die</strong></span> <span class='ocrx_word' id='word_1_472' title='bbox 2006 3599 2205 3652; x_wconf 89' lang='lat' dir='ltr'><strong>Nacht</strong></span> <span class='ocrx_word' id='word_1_473' title='bbox 2190 3616 2241 3650; x_wconf 91' lang='grc' dir='ltr'><strong>ιιι</strong></span> <span class='ocrx_word' id='word_1_474' title='bbox 2268 3601 2362 3650; x_wconf 84' lang='lat' dir='ltr'><strong>der</strong></span> <span class='ocrx_word' id='word_1_475' title='bbox 2429 3602 2540 3664; x_wconf 78' lang='lat' dir='ltr'><strong>iihe,</strong></span> <span class='ocrx_word' id='word_1_476' title='bbox 2560 3601 2652 3651; x_wconf 79' lang='lat' dir='ltr'><strong>der</strong></span> 
     </span>
     <span class='ocr_line' id='line_1_62' title="bbox 1640 3668 2646 3733; baseline -0.002 -12"><span class='ocrx_word' id='word_1_477' title='bbox 1640 3669 1882 3721; x_wconf 85' lang='lat' dir='ltr'><strong>Umstand</strong></span> <span class='ocrx_word' id='word_1_478' title='bbox 1906 3668 2023 3717; x_wconf 84' lang='lat' dir='ltr'><strong>dass</strong></span> <span class='ocrx_word' id='word_1_479' title='bbox 2048 3668 2128 3718; x_wconf 87' lang='lat' dir='ltr'><strong>die</strong></span> <span class='ocrx_word' id='word_1_480' title='bbox 2152 3668 2215 3719; x_wconf 93' lang='lat' dir='ltr'><strong>N.</strong></span> <span class='ocrx_word' id='word_1_481' title='bbox 2240 3670 2367 3719; x_wconf 88' lang='lat' dir='ltr'><strong>nahe</strong></span> <span class='ocrx_word' id='word_1_482' title='bbox 2392 3683 2515 3730; x_wconf 84' lang='lat' dir='ltr'><strong>war,</strong></span> <span class='ocrx_word' id='word_1_483' title='bbox 2542 3669 2646 3733; x_wconf 81' lang='lat' dir='ltr'><strong>vgl.</strong></span> 
     </span>
     <span class='ocr_line' id='line_1_63' title="bbox 1639 3735 2652 3806; baseline -0.001 -19"><span class='ocrx_word' id='word_1_484' title='bbox 1639 3737 1688 3798; x_wconf 89' lang='lat'><strong>2,</strong></span> <span class='ocrx_word' id='word_1_485' title='bbox 1715 3736 1796 3798; x_wconf 82' lang='lat'><strong>64,</strong></span> <span class='ocrx_word' id='word_1_486' title='bbox 1816 3736 1870 3800; x_wconf 90' lang='lat'><strong>3:</strong></span> <span class='ocrx_word' id='word_1_487' title='bbox 1907 3752 1941 3785; x_wconf 88' lang='lat' dir='ltr'><strong>a</strong></span> <span class='ocrx_word' id='word_1_488' title='bbox 1958 3735 2115 3803; x_wconf 81' lang='lat' dir='ltr'><strong>porta</strong></span> <span class='ocrx_word' id='word_1_489' title='bbox 2136 3752 2297 3806; x_wconf 82' lang='lat' dir='ltr'><strong>prope</strong></span> <span class='ocrx_word' id='word_1_490' title='bbox 2321 3736 2543 3797; x_wconf 73' lang='lat' dir='ltr'><strong>Gallim,-</strong></span> <span class='ocrx_word' id='word_1_491' title='bbox 2567 3735 2652 3800; x_wconf 82' lang='lat'><strong>32,</strong></span> 
     </span>
     <span class='ocr_line' id='line_1_64' title="bbox 1640 3771 2652 3871; baseline 0.002 -17"><span class='ocrx_word' id='word_1_492' title='bbox 1640 3776 1729 3866; x_wconf 89' lang='lat'><strong>28,</strong></span> <span class='ocrx_word' id='word_1_493' title='bbox 1757 3804 1814 3865; x_wconf 82' lang='lat'><strong>73</strong></span> <span class='ocrx_word' id='word_1_494' title='bbox 1851 3805 2032 3854; x_wconf 76' lang='lat' dir='ltr'><strong>ander-s</strong></span> <span class='ocrx_word' id='word_1_495' title='bbox 2058 3804 2124 3854; x_wconf 88' lang='lat' dir='ltr'><strong>ih.</strong></span> <span class='ocrx_word' id='word_1_496' title='bbox 2151 3804 2241 3867; x_wconf 84' lang='lat'><strong>26,</strong></span> <span class='ocrx_word' id='word_1_497' title='bbox 2278 3805 2327 3855; x_wconf 88' lang='lat'><strong>4.</strong></span> <span class='ocrx_word' id='word_1_498' title='bbox 2355 3771 2652 3871; x_wconf 65' lang='lat' dir='ltr'><strong>—quando’</strong></span> 
     </span>
     <span class='ocr_line' id='line_1_65' title="bbox 1637 3844 2649 3941; baseline 0.002 -18"><span class='ocrx_word' id='word_1_499' title='bbox 1637 3899 1706 3909; x_wconf 89' lang='lat'><em>-</em></span> <span class='ocrx_word' id='word_1_500' title='bbox 1731 3872 1891 3941; x_wconf 65' lang='lat' dir='ltr'><strong>plac„</strong></span> <span class='ocrx_word' id='word_1_501' title='bbox 1938 3872 2041 3936; x_wconf 84' lang='lat' dir='ltr'><strong>vgl.</strong></span> <span class='ocrx_word' id='word_1_502' title='bbox 2078 3871 2168 3938; x_wconf 87' lang='lat'><strong>32,</strong></span> <span class='ocrx_word' id='word_1_503' title='bbox 2212 3844 2302 3938; x_wconf 75' lang='grc'><strong>34,</strong></span> <span class='ocrx_word' id='word_1_504' title='bbox 2334 3872 2396 3924; x_wconf 87' lang='grc'><strong>8·</strong></span> <span class='ocrx_word' id='word_1_505' title='bbox 2438 3873 2649 3924; x_wconf 65' lang='lat' dir='ltr'><strong>honoris</strong></span> 
     </span>
     <span class='ocr_line' id='line_1_66' title="bbox 1637 3910 2647 4071; baseline 0.003 -80"><span class='ocrx_word' id='word_1_506' title='bbox 1637 3955 1829 4071; x_wconf 54' lang='grc' dir='ltr'><strong>ἓιὲαεέιέ</strong></span> <span class='ocrx_word' id='word_1_507' title='bbox 1834 3940 2195 4059; x_wconf 41' lang='lat' dir='ltr'><strong>{scedere—</strong></span> <span class='ocrx_word' id='word_1_508' title='bbox 2216 3910 2629 4007; x_wconf 39' lang='lat' dir='ltr'><strong>reficietur-uma</strong></span> <span class='ocrx_word' id='word_1_509' title='bbox 2603 3956 2647 3994; x_wconf 68' lang='grc' dir='ltr'>ε.</span> 
     </span>
    </p>
   </div>
   <div class='ocr_carea' id='block_1_12' title="bbox 2821 1990 2830 4329">
    <p class='ocr_par' dir='ltr' id='par_1_17' title="bbox 2821 1990 2830 4329">
     <span class='ocr_line' id='line_1_67' title="bbox 2821 1990 2830 4329; baseline 0 0"><span class='ocrx_word' id='word_1_510' title='bbox 2821 1990 2830 4329; x_wconf 95' lang='lat' dir='ltr'><strong> </strong></span> 
     </span>
    </p>
   </div>
  </div>
 </body>
</html>
