2861 4550
1285 1291 1339 1368 T
1367 1290 1390 1367 Ι
1421 1291 1476 1368 Τ
1503 1291 1525 1368 l
1605 1291 1653 1370 L
1680 1289 1708 1368 Ι
1735 1290 1784 1370 V
1809 1290 1837 1369 Ι

747 1439 843 1500 AB
889 1410 1087 1502 nm
1132 1437 1460 1500 CONmTA
1502 1395 1889 1503 uenenum
1932 1412 2376 1504 PERIOCHAE.

1128 1831 1514 1884 PERIOCHA
1548 1832 1753 1885 LIBRI
1787 1831 2009 1884 XXXI.

644 1954 771 2004 Belli
796 1955 1039 2006 adversus
1062 1954 1340 2021 Philippum
1365 1955 1686 2007 Macedoniae
1720 1970 1915 2020 regem,
1982 1954 2080 2004 uod
2114 1952 2455 2005 intermissum
2489 1963 2623 2019 erat,

508 2023 711 2089 repetiti
735 2038 916 2073 causae
942 2022 1227 2073 referuntur
1254 2025 1369 2073 hae:
1402 2031 1625 2090 tempore
1660 2024 1913 2073 initiorum
1980 2036 2043 2072 uo
2077 2022 2284 2073 iuvenes
2310 2021 2622 2087 Acarnanes,

509 2093 590 2155 qui
617 2107 713 2140 non
741 2097 886 2140 erant
908 2091 1117 2154 initiati,
1150 2091 1374 2141 Athenas
1397 2098 1649 2142 venerunt
1672 2099 1725 2141 et
1748 2092 1798 2141 in
1825 2091 2098 2141 sacrarium
2123 2089 2325 2141 Cereris
2361 2107 2468 2141 cum
2504 2092 2623 2143 aliis

505 2158 830 2224 popularibus
853 2159 958 2209 suis
985 2159 1319 2209 intraverunt.
1369 2159 1430 2208 ob
1456 2160 1574 2224 hoc,
1609 2167 1856 2224 tamquam
1890 2174 2130 2210 summum
2164 2158 2306 2209 nefas
2341 2161 2624 2212 commisis-

507 2233 645 2292 sent,
678 2227 739 2278 ab
765 2226 1149 2278 Atheniensibus
1183 2226 1336 2278 occisi
1370 2234 1504 2278 sunt.
1551 2229 1843 2279 Acarnanes
1876 2227 2118 2279 mortibus
2153 2243 2355 2279 suorum
2388 2230 2625 2281 commoti

505 2298 568 2347 ad
606 2297 928 2349 vindicandos
962 2297 1077 2346 illos
1108 2296 1347 2347 auxilium
1378 2312 1407 2346 a
1433 2296 1657 2365 Philippo
1682 2298 1937 2363 petierunt
1960 2304 2013 2347 et
2040 2297 2264 2347 Athenas
2299 2312 2625 2363 oppugnave-

505 2373 649 2429 runt,
685 2365 1021 2415 Athenienses
1045 2365 1284 2416 auxilium
1307 2380 1338 2415 a
1363 2364 1596 2416 Romanis
1621 2365 1889 2431 petierunt.
1937 2372 2164 2430 coeptum
2191 2373 2271 2416 est
2293 2373 2457 2415 autem
2489 2382 2622 2417 anno

536 2435 897 2497 uingentesimo
917 2434 1326 2499 quadragensimo
1345 2434 1406 2484 ab
1433 2435 1555 2485 urbe
1576 2435 1790 2494 condita,
1811 2440 1927 2501 post
1946 2448 2115 2498 pacem
2128 2433 2621 2497 Carthaginiensibus

505 2450 668 2552 :latam
701 2501 1174 2568 paucismensibus.
1223 2517 1333 2551 cum
1366 2501 1763 2568 Atheniensium,
1806 2501 1889 2567 qui
1923 2516 1952 2550 a
1984 2500 2209 2567 Philippo
2245 2501 2619 2566 obsidebantur,

469 2571 478 2578 '
504 2569 660 2632 legati
684 2569 922 2618 auxilium
948 2584 975 2617 a
1003 2575 1182 2618 senatu
1199 2570 1464 2635 petissent,
1489 2577 1543 2620 et
1560 2571 1609 2620 id
1628 2568 2111 2619 senatus-ferendum
2130 2570 2427 2629 censuisset,
2452 2569 2615 2635 plebe,

503 2638 632 2701 quod
658 2644 735 2687 tot
757 2638 1000 2687 bellorum
1026 2638 1289 2687 continuus
1308 2637 1454 2687 labor
1471 2638 1641 2702 gravis
1661 2645 1787 2699 erat,
1813 2637 2143 2687 dissentiente
2162 2637 2324 2688 tenuit
2339 2639 2618 2688 auctoritas

502 2713 721 2772 patrum,
754 2713 811 2756 ut
844 2706 1009 2756 sociae
1043 2704 1236 2754 civitati
1260 2703 1450 2754 ferre**
1474 2720 1667 2771 quoque
1692 2720 1834 2771 opem
1859 2705 2070 2770 populus
2095 2704 2309 2756 iuberet.
2356 2706 2404 2755 id
2428 2705 2619 2756 bellum

502 2774 555 2823 P.
583 2774 803 2840 Sulpicio
831 2774 1024 2824 consuli
1046 2773 1328 2823 mandatum
1354 2780 1452 2836 est,
1477 2774 1560 2838 qui
1585 2773 1815 2822 exercitu
1837 2774 1887 2822 in
1911 2771 2253 2824 Macedoniam
2279 2774 2427 2824 ducto
2457 2788 2618 2839 eque-

502 2843 690 2892 stribus
711 2843 915 2908 proeliis
934 2856 1175 2909 prospere
1200 2857 1309 2891 cum
1327 2837 1552 2907 Philippo
1575 2840 1830 2906 pugnavit.
1873 2840 2104 2907 Abydeni
2125 2856 2155 2892 a
2173 2840 2397 2907 Philippo
2419 2840 2618 2892 obsessi

501 2912 562 2959 ad
589 2912 869 2976 exemplum
894 2910 1277 2974 Saguntinorum
1303 2925 1421 2959 suos
1448 2924 1602 2975 seque
1624 2908 1932 2962 occiderunt.
1975 2908 2033 2958 L.
2060 2908 2242 2959 Furius
2266 2915 2473 2975 praetor
2492 2908 2615 2960 Gal-

503 2980 579 3028 los
602 2977 837 3029 Insubres
863 2979 1168 3029 rebellantes
1194 2985 1247 3027 et
1269 2978 1599 3028 Hamilcarem
1621 2975 1840 3027 Poenum
1872 2976 2058 3027 bellum
2088 2977 2137 3027 in
2175 2992 2234 3027 ea
2267 2984 2411 3043 parte
2434 2974 2615 3027 Italiae

499 3048 788 3097 molientem
806 3048 913 3097 acie
923 3047 1063 3097 vicit.
1101 3046 1350 3095 Hamilcar
1367 3062 1427 3095 eo
1449 3046 1581 3097 bello
1602 3045 1797 3095 occisus
1816 3051 1897 3095 est
1914 3051 1968 3095 et
1982 3045 2119 3094 milia
2136 3046 2380 3095 hominum
2390 3040 2616 3096 XXXV.

501 3122 764 3180 praeterea
791 3115 1137 3180 expeditiones
1161 3114 1371 3180 Philippi
1398 3114 1534 3177 regis
1558 3120 1612 3164 et
1635 3113 1826 3179 Sulpici
1861 3113 2082 3163 consulis
2116 3113 2613 3179 expugnationesque

502 3183 694 3232 urbium
728 3183 791 3232 ab
822 3189 1033 3248 utroque
1069 3181 1228 3232 factas
1262 3182 1502 3232 continet.
1559 3182 1809 3247 Sulpicius
1842 3180 2018 3232 consul
2051 3181 2238 3233 bellum
2271 3182 2481 3245 gerebat
2518 3181 2614 3230 ad-

504 3250 785 3301 iuvantibus
811 3265 931 3314 rege
950 3250 1123 3301 Attalo
1149 3256 1204 3299 et
1218 3249 1441 3300 Rhodiis.
1485 3250 1808 3316 triumphavit
1831 3250 1892 3300 de
1914 3248 2075 3300 Gallis
2099 3249 2159 3301 L.
2181 3249 2366 3300 Furius
2390 3255 2613 3315 praetor.

1087 3589 1485 3643 PERIOCHA
1519 3587 1724 3641 LIBRI
1758 3588 2011 3642 XXXII.
2566 3593 2611 3638 0

638 3715 898 3782 Complura
916 3715 1143 3782 prodigia
1161 3732 1227 3768 ex
1248 3712 1462 3766 diversis
1475 3711 1759 3775 regionibus
1770 3711 1993 3761 nuntiata
2005 3711 2310 3777 referuntur,
2321 3712 2458 3763 inter
2466 3726 2609 3778 quae,

503 3787 553 3837 iu
572 3784 862 3837 Macedonia
891 3785 939 3834 in
968 3799 1130 3852 puppe
1148 3784 1328 3849 longae
1347 3781 1490 3834 navis
1508 3781 1730 3831 lauream
1749 3795 1863 3830 esse
1881 3786 2064 3832 natam.
2100 3780 2161 3831 Τ.
2181 3781 2410 3849 Quintius
2428 3780 2614 3831 Flami-

500 3855 645 3905 ninus
665 3853 839 3904 consul
857 3853 1100 3903 adversus
1118 3853 1390 3919 Philippum
1410 3849 1629 3901 feliciter
1643 3849 1883 3914 pugnavit
1899 3848 1947 3898 in
1968 3848 2193 3900 faucibus
2211 3849 2349 3916 Epiri
2367 3850 2615 3913 fugatum-

499 3939 593 3989 que
619 3922 784 3987 coegit
806 3922 857 3973 in
881 3935 1087 3985 regnum
1110 3921 1315 3971 reverti.
1362 3921 1469 3987 ipse
1488 3917 1817 3982 Thessaliam,
1841 3932 1966 3983 quae
1992 3924 2074 3968 est
2093 3918 2256 3969 vicina
2273 3915 2612 3978 Macedoniae,

500 3993 651 4042 sociis
668 3991 864 4042 Aetolis
883 3997 936 4040 et
953 3987 1310 4040 Athamanibus
1329 3987 1553 4040 vexavit.
1600 3985 1660 4037 L.
1680 3985 1910 4053 Quintius
1930 3985 2236 4037 Flamininus
2255 3986 2416 4036 frater
2431 3999 2612 4035 consu-

501 4060 565 4109 lis
590 4060 756 4112 navali
778 4060 970 4126 proelio
992 4056 1159 4110 Attalo
1180 4072 1299 4119 rege
1319 4063 1372 4106 et
1389 4055 1595 4106 Rhodiis
1612 4054 1962 4106 adiuvantibus
1980 4054 2232 4105 Euboeam
2251 4061 2303 4105 et
2320 4052 2612 4104 maritimam
