2861 4550
370 514 398 562 7

369 683 401 732 8

369 944 402 994 9

339 1104 400 1153 10

337 1362 394 1412 11

338 1447 399 1503 12

341 1875 400 1926 13

445 344 525 404 72
952 321 960 329 ’
1139 339 1331 393 LIBER
1353 339 1551 394 xxxi.
1611 341 1753 393 cAP.
1779 341 1864 392 39.
2347 366 2387 395 a.
2406 366 2449 397 u.
2466 356 2568 397 554.

444 496 669 559 incolae
692 506 900 558 vocant
921 531 1003 545 --
1033 496 1317 559 consedit.
1376 496 1512 557 inde
1539 497 1684 557 satis
1713 503 2016 576 comperto
2045 496 2375 557 Eordaeam
2406 495 2567 574 peti-

442 591 613 645 turos
637 582 960 657 Romanos,
990 583 1062 643 ad
1093 581 1462 662 occupandas
1494 581 1811 661 angustias,
1840 600 1917 642 ne
1940 600 2217 661 superare
2238 581 2442 642 hostes
2464 599 2567 645 aa·-

443 669 519 730 tis
561 667 826 729 faucibus
862 666 1155 731 inclusum
1185 667 1405 729 aditum
1436 676 1710 747 possent,
1749 667 2083 746 praecessit.
2146 666 2224 729 ibi
2254 665 2364 728 alia
2392 665 2565 737 vallo,

444 753 552 816 alia
584 754 762 826 fossa,
795 753 904 826 alia
933 753 1189 832 lapidum
1218 752 1508 831 congerie,
1538 759 1604 814 ut
1619 771 1736 832 pro
1759 771 1932 814 muro
1957 759 2173 826 essent,
2203 752 2311 813 alia
2334 751 2568 815 arbori-
2627 754 2633 769 '

442 839 569 917 bus¹
597 838 869 912 obiectis,
918 848 984 899 ut
1022 846 1122 900 aut
1158 838 1322 900 locus
1363 838 1697 916 postulabat
1724 848 1826 899 aut
1854 837 2094 899 materia
2133 835 2568 916 suppeditabat,

442 942 699 1004 propere
732 923 1064 1005 permuniit,
1104 931 1304 1003 atque,
1344 931 1411 985 ut
1450 923 1578 1004 ipse
1622 923 1884 997 rebatur,
1922 922 2074 987 viam
2111 933 2318 1002 suapte
2354 929 2569 983 natura

443 1008 735 1071 difficilem
777 1008 1021 1070 obiectis
1055 1027 1160 1088 per
1192 1027 1398 1070 omnes
1427 1009 1710 1070 transitus
1743 1007 2020 1090 operibus
2050 1007 2562 1087 inexpugnabilem

443 1094 596 1156 facit.
656 1102 824 1157 erant
862 1095 1136 1174 pleraque
1174 1094 1460 1155 silvestria
1503 1094 1682 1170 circa,
1718 1093 2399 1177 incommodaephalangi
2427 1111 2559 1154 ma-

442 1180 596 1240 xime
627 1179 1037 1251 Macedonum,
1078 1199 1251 1259 quae,
1293 1179 1407 1241 nisi
1445 1179 1545 1240 ubi
1575 1179 1904 1259 praelongis
1944 1180 2127 1241 hastis
2165 1178 2561 1243 velumllum

442 1273 578 1326 ante
607 1265 827 1344 clipeos
859 1264 1111 1336 obiecit,
1130 1265 1290 1345 quod
1319 1272 1385 1326 ut
1415 1266 1530 1337 fiat,
1561 1265 1745 1327 libero
1778 1283 1987 1344 campo
2020 1283 2172 1343 opus
2204 1270 2314 1338 est,
2343 1262 2561 1325 nullius

441 1351 761 1412 admodum
799 1369 945 1412 usus
979 1359 1088 1411 est.
1148 1350 1404 1412 Thracas
1436 1369 1670 1430 quoque
1699 1351 1988 1430 rumpiae,
2028 1350 2281 1431 ingentis
2311 1357 2368 1410 et
2395 1344 2562 1429 ipsae

440 1435 852 1514 longitudinis,
895 1436 1050 1497 inter
1090 1435 1349 1497 obiectos
1390 1435 1647 1517 undique
1689 1452 1889 1497 ramos
1943 1434 2349 1515 impediebant.
2418 1433 2564 1497 Cre-

439 1521 695 1582 tensium
727 1538 841 1583 una
871 1522 1085 1583 cohors
1119 1539 1241 1583 non
1270 1520 1492 1583 inutilis
1523 1531 1672 1595 erat3
1712 1522 1818 1583 sed
1848 1539 1913 1583 ea
1946 1539 2182 1600 quoque
2212 1520 2359 1599 ipsa,
2390 1527 2476 1593 ut,
2509 1519 2563 1580 si

441 1607 574 1686 quis
605 1606 890 1685 impetum
921 1608 1154 1680 faceret,
1193 1608 1254 1668 in
1284 1614 1579 1686 patentem
1612 1606 1830 1669 vulneri
1862 1625 2031 1668 ecum
2061 1606 2435 1686 equitemque
2464 1623 2562 1666 sa-

440 1691 614 1773 gittas
656 1692 924 1754 conicere
960 1700 1216 1772 poterat,
1258 1693 1336 1754 ita
1376 1693 1659 1755 adversus
1693 1700 1858 1759 scuta
1884 1691 2153 1753 Romana
2181 1708 2291 1752 nec
2315 1691 2392 1753 ad
2421 1691 2562 1753 trai—

440 1777 709 1839 ciendum
748 1778 887 1839 satis
929 1792 1200 1856 magnam
1239 1778 1357 1847 vim
1393 1777 1671 1850 habebat,
1714 1795 1823 1839 nec
1861 1777 2045 1858 aperti
2084 1776 2393 1856 quicquam
2423 1785 2561 1851 erat,

444 1863 602 1942 quod
657 1870 941 1942 peterent.
1012 1863 1204 1942 itaque
1248 1863 1306 1924 id
1347 1870 1413 1924 ut
1450 1881 1663 1924 vanum
1702 1863 1799 1924 teli
1840 1879 2028 1941 genus
2065 1868 2375 1925 senserunt
2412 1880 2563 1935 esse,

445 1947 603 2009 saxis
635 1946 858 2027 passim
889 1954 1010 2013 tota
1042 1948 1178 2009 valle
1205 1947 1528 2009 iacentibus
1551 1947 1924 2010 incessebant
1943 1948 2195 2010 hostem.
2251 1965 2320 2007 ea
2341 1946 2566 2015 maiore

439 2091 557 2141 weil
597 2092 721 2142 auch
765 2106 822 2141 er
860 2106 923 2141 en
959 2091 1120 2141 ciuem
1152 2066 1336 2143 Flusse
1370 2091 1446 2143 la·
1536 2090 1684 2156 facit
1707 2090 1829 2139 nach
1864 2089 1973 2140 dem
2007 2089 2143 2139 Pers.
2169 2088 2267 2139 wie
2303 2106 2346 2140 c.
2373 2088 2462 2156 40,
2504 2089 2561 2151 13

440 2166 570 2223 gert.
597 2187 663 2196 —-
698 2174 881 2228 super,
915 2159 1042 2210 oben
1075 2175 1154 2209 am
1189 2158 1309 2210 Ufer
1343 2160 1444 2224 hin,
1552 2157 1635 2220 42,
1661 2158 1720 2220 93
1756 2156 1837 2222 29,
1864 2157 1911 2221 2,
1943 2156 2034 2220 123
2071 2158 2127 2220 5,
2153 2157 2245 2222 39,
2272 2156 2331 2219 23
2360 2155 2453 2221 22,
2478 2156 2568 2224 21,

441 2227 531 2292 27,
571 2226 660 2291 48,
695 2227 752 2290 23
792 2228 844 2290 1,
880 2228 937 2293 2,
971 2227 1018 2279 6.
1055 2255 1123 2265 -
1156 2226 1366 2295 Engyon.
1398 2226 1442 2293 j.
1555 2228 1582 2277 7
1610 2242 1657 2277 u.
1682 2241 1730 2278 a.

438 2295 632 2347 Czerna
656 2297 780 2346 oder
797 2295 1060 2348 Hutscbuk
1078 2319 1146 2342 π
1163 2294 1375 2362 Raram,
1401 2313 1441 2347 s·
1626 2295 1854 2346 10-11,
1922 2294 2152 2361 lemque,
2187 2294 2317 2344 local
2344 2310 2412 2345 zu
2434 2296 2559 2348 neh-

438 2380 502 2416 zu
526 2363 559 2431 ξ
585 2363 632 2427 3,
657 2380 718 2415 an
744 2366 837 2416 der
864 2363 1205 2429 Westgrenze
1227 2365 1446 2429 Pelago-
1553 2379 1691 2428 men,
1718 2379 1759 2414 s.
1783 2380 1826 2413 c.
1849 2362 1884 2414 2
1931 2401 1945 2425 ,
1972 2363 2029 2427 4,
2064 2364 2136 2414 ist
2155 2361 2394 2428 Subject,
2425 2366 2562 2418 eirca

437 2433 597 2484 niens.
1551 2433 1682 2484 deza
1721 2431 2017 2486 attributive
2058 2431 2411 2496 Bestimmunffi
2457 2432 2561 2496 vgl.

506 2501 553 2551 7.
599 2500 910 2568 Eordaeam,
954 2501 1133 2551 iistlicb
1169 2516 1267 2551 von
1302 2501 1441 2569 Lyn·
1549 2499 1631 2567 27,
1652 2499 1733 2564 39,
1754 2501 1810 2550 7:
1826 2516 1924 2568 per
1939 2500 2142 2550 mwtita
2152 2499 2399 2568 pleraque
2416 2504 2559 2551 tvm-

436 2570 607 2634 centis,
634 2569 825 2621 siidlioh
849 2585 948 2620 von
973 2568 1304 2632 Pelagonien‚
1332 2586 1441 2619 um-
1548 2571 1657 2621 situ
1678 2569 1877 2635 fratris
1886 2586 1904 2629 ,·
1942 2567 2033 2634 21,
2069 2567 2160 2630 35,
2195 2568 2251 2620 4:
2292 2584 2388 2636 per
2418 2570 2562 2628 inuia

436 2636 565 2688 feast
598 2639 692 2688 den
725 2638 1015 2689 nordliehen
1040 2635 1186 2688 Theil
1221 2638 1308 2688 des
1340 2638 1441 2688 Ha-
1542 2636 1799 2705 pleraque.
1820 2664 1881 2673 --
1903 2635 2430 2703 maximeiiberbaupt
2448 2636 2560 2688 bin-

434 2705 838 2769 liakmonthales‚
875 2706 979 2769 vgl.
1005 2704 1187 2756 Strabo
1225 2705 1277 2771 7,
1318 2706 1375 2767 7,
1410 2707 1439 2755 7
1548 2705 1762 2770 dedicit,
1798 2705 2074 2756 besonders
2106 2704 2230 2754 aber
2253 2720 2302 2755 u.
2328 2720 2370 2754 s.
2396 2720 2461 2754 w.
2489 2731 2556 2744 —

434 2790 482 2840 p.
516 2773 638 2825 326:
675 2768 742 2823 τὰ
776 2789 849 2825 πε
887 2775 908 2823 ὶ
940 2768 1181 2840 Λύγκον
1206 2773 1301 2826 καὶ
1333 2777 1444 2826 Πε-
1545 2773 1838 2841 praelonga,
1873 2788 1914 2823 s.
1936 2771 2120 2836 32,17,
2146 2770 2223 2824 13.
2242 2800 2312 2811 --
2332 2772 2555 2833 adnwd„

433 2843 703 2910 λαγονίαν
727 2842 821 2892 καὶ
832 2790 1162 2909 ‘gesmach
1185 2842 1277 2891 καὶ
1298 2835 1440 2891 ‘Ezt-
1550 2856 1606 2891 so
1631 2840 1858 2891 ziemlieh
1887 2857 1986 2891 von
2019 2840 2218 2892 keinem
2239 2869 2310 2878 —
2331 2857 2430 2891 von
2463 2856 2558 2904 gar

431 2925 600 2979 μειαν
628 2905 728 2974 τὴν
757 2903 875 2962 ἄνω
911 2906 1283 2962 Μακεδονίαν
1312 2906 1440 2962 ἑκά·
1549 2909 1762 2960 keinem.
1779 2912 2117 2979 —rumpiae,
2143 2925 2185 2958 s.
2208 2908 2338 2960 Gen.
2366 2908 2443 2972 10,
2468 2908 2554 2973 25,

434 2979 660 3039 λουν,οἰ
679 2973 1096 3047 δ’ὕστερονκαὶ
1115 2975 1440 3048 ἐλευθέρως
1548 2979 1603 3028 4:
1646 2980 1800 3045 ταμία
1843 2978 2097 3046 (rumpia)
2136 2994 2312 3043 genus
2351 2976 2439 3029 teli
2474 2982 2559 3029 est

432 3046 491 3097 L.
517 3047 602 3111 45,
627 3045 708 3105 30,
736 3046 796 3108 63
834 3046 1011 3113 Polyb.
1042 3044 1123 3111 18,
1144 3045 1202 3108 ὃς
1237 3046 1327 3110 34,
1358 3045 1437 3096 12.
1554 3044 1783 3098 Thr-aeae
1820 3048 2070 3107 nationis,
2102 3047 2429 3113 positumque
2459 3047 2555 3097 Ιιοο

574 3116 706 3166 suas
729 3115 883 3165 durch
912 3117 1043 3166 artis
1056 3114 1313 3180 saucibus
1345 3115 1440 3164 nii-
1545 3114 1844 3166 vocabulum
1895 3118 1951 3165 in
1999 3113 2056 3176 Q.
2102 3113 2239 3168 Enni
2291 3113 2554 3165 annalium

432 3184 523 3233 her
549 3182 826 3243 bestimmt3
863 3182 955 3231 der
975 3181 1103 3232 Pass
1137 3198 1182 3233 c.
1209 3180 1302 3244 28;
1342 3181 1434 3246 333
1546 3181 1695 3242 XIV,
1720 3198 1800 3231 wo
1826 3185 1976 3251 rupia
1992 3181 2129 3246 jetzt
2149 3183 2357 3246 gelesen
2381 3182 2529 3234 wird.

431 3248 497 3300 34
519 3250 588 3300 ist
612 3250 744 3300 nicht
768 3249 1002 3313 gemeint,
1031 3251 1247 3300 sondern
1272 3251 1437 3301 wabr-
1617 3249 1853 3300 12—15.
1899 3266 2025 3313 una,
2070 3266 2167 3300 nur
2198 3250 2278 3300 die
2323 3250 2450 3300 eine.
2482 3277 2554 3287 —-

431 3317 701 3368 scheinlioh
743 3318 822 3368 die
856 3317 1155 3380 Stromenge
1194 3319 1283 3369 des
1320 3318 1438 3369 Eri·
1546 3334 1740 3385 quoque
1761 3320 1943 3383 gebort
1967 3335 2031 3369 zu
2053 3335 2141 3381 ea,
2177 3319 2276 3370 und
2306 3319 2435 3369 dazu
2468 3319 2553 3382 ist,

371 3388 395 3432 ”.
429 3400 555 3449 gon3
590 3385 764 3451 sph'ter
796 3382 962 3435 l‘tihrte
996 3385 1074 3435 die
1109 3385 1190 3436 via
1225 3386 1437 3450 Egnatia
1545 3388 1729 3438 anders
1752 3387 1830 3436 als
1864 3388 2049 3437 verber
2079 3389 2129 3437 in
2163 3391 2216 3437 et
2246 3387 2393 3456 ipsae
2425 3388 2552 3438 noch

428 3454 581 3503 durch
626 3453 892 3520 Lyncestis
934 3454 1055 3504 nach
1097 3454 1351 3521 Eordaea,
1395 3472 1437 3506 s.
1542 3458 1661 3524 ipsa
1690 3461 1941 3519 getreten.
1973 3483 2037 3493 --
2062 3471 2258 3523 quoque
2280 3483 2345 3492 —-
2366 3470 2460 3507 nee
2482 3484 2553 3492 —

428 3521 507 3571 die
524 3520 688 3571 Stelle
713 3537 805 3571 uus
829 3521 1011 3572 Strabo
1038 3538 1101 3572 zu
1126 3539 1168 3573 e.
1194 3522 1275 3588 28,
1300 3522 1348 3573 6.
1542 3539 1634 3578 nec
1658 3524 1760 3586 vgl.
1783 3523 1829 3585 1,
1853 3522 1935 3585 56,
1963 3522 2023 3585 8;
2047 3524 2096 3588 4,
2121 3524 2169 3584 3,
2196 3523 2255 3583 73
2281 3523 2365 3587 22,
2391 3523 2475 3587 42,
2501 3523 2551 3575 8.

497 3588 662 3639 8-9,
692 3605 917 3658 propere
932 3607 1112 3658 parm„
1133 3591 1237 3654 vgl.
1252 3591 1331 3657 27,
1357 3592 1433 3656 12,
1544 3594 1595 3643 ei
1623 3618 1691 3629 —-·
1717 3591 1926 3658 faceret
1964 3592 2289 3643 wiederbolte
2323 3590 2550 3656 Angriffe

431 3656 516 3707 10:
559 3660 734 3708 eastra
767 3686 834 3695 -—
865 3660 1057 3726 raptim
1087 3664 1205 3711 ante
1234 3663 1436 3712 noctem
1544 3660 1800 3711 einzelner
1824 3659 2015 3711 Reiter.
2039 3688 2106 3699 -
2129 3663 2278 3711 scuta
2302 3658 2450 3711 Rom.
2481 3666 2549 3710 st.

460 3728 719 3777 emunita
743 3724 833 3790 33,
869 3725 962 3789 36,
994 3727 1054 3792 6,
1092 3728 1153 3778 da
1189 3727 1268 3779 die
1289 3728 1433 3779 beste
1539 3728 1737 3797 pedites
1760 3726 1906 3780 Rom.
1940 3732 2099 3780 scutis
2132 3729 2336 3782 armati.
2362 3754 2432 3766 --
2455 3729 2549 3779 lta-

470 3794 544 3845 ds.
570 3810 722 3862 opere
738 3797 1024 3863 permuniit
1045 3798 1145 3857 hat,
1164 3796 1306 3847 lesen
1326 3799 1434 3847 An-
1544 3798 1716 3861 bebat,
1763 3797 1843 3848 die
1886 3799 2067 3849 cohors
2108 3795 2419 3848 vermittelst
2459 3796 2552 3846 der

424 3862 571 3914 dere:
616 3863 975 3932 suppeditabat
1016 3866 1178 3932 operi,
1227 3867 1432 3916 muniit.
1541 3865 1668 3915 eben
1694 3866 1983 3916 erwiihnteu
2006 3864 2306 3926 Gescbosse,
2333 3865 2460 3915 doch
2481 3865 2552 3915 ist

423 3956 492 3968 --
516 3932 725 3983 obiectis
761 3948 841 4001 op.
879 3932 1178 3983 wiederholt
1212 3949 1309 3983 nur
1343 3935 1432 3984 das
1539 3933 1620 3984 bei
1637 3938 1847 4002 poterat
1868 3933 1965 3983 wie
1998 3932 2080 3983 bei
2107 3935 2342 4001 peterent
2370 3927 2548 3986 an'die

425 3999 549 4052 eben
576 3999 794 4065 Gesagte
818 4001 896 4052 als
917 3998 1186 4052 Gedanken
1211 3999 1342 4054 Pn‘s.
1363 4019 1462 4041 -·
1539 4000 1811 4056 Einzelneu
1837 4017 1900 4055 zu
1927 4000 2139 4054 denkeu.
2161 4030 2230 4039 —-
2254 4018 2330 4065 ea,
2355 4002 2434 4060 die
2460 4001 2549 4053 da-
