2861 4550
436 595 467 644 2

436 847 467 897 3

434 1106 469 1154 4

436 1194 465 1241 5

436 1447 467 1496 6

1173 340 1366 395 LIBER
1399 339 1647 395 XXXIV.
1701 340 1841 393 cAP.
1867 340 1951 392 39.
2401 362 2442 393 ι.
2463 362 2508 391 u.
2529 350 2621 393 559.

509 343 633 406 318

508 496 791 576 angustiis
814 494 1275 569 Lacedaemonii,
1303 504 1618 574 ternaeque
1646 494 1795 556 acies
1826 504 2095 574 tempore
2118 510 2239 575 uno
2267 490 2413 565 locis
2437 490 2624 553 diver-

513 581 594 643 sis
622 580 994 661 pugnabant3
1021 581 1229 645 deinde
1258 588 1555 643 crescente
1583 581 1894 642 certamine
1912 597 2284 659 nequaquam
2306 584 2430 643 erat
2449 595 2625 656 proe—

506 668 649 745 lium
680 685 802 746 par.
859 666 1181 728 missilibus
1212 666 1366 728 enim
1398 664 1838 727 Lacedaemonii
1866 664 2227 745 pugnabant,
2258 682 2291 724 a
2320 661 2534 742 quibus
2567 680 2628 723 se

509 760 567 814 et
605 751 1003 831 magnitudine
1033 752 1181 813 scuti
1212 752 1483 831 perfacile
1511 747 1816 825 Romanus
1845 750 2115 815 tuebatur
2141 748 2339 824 miles,
2381 757 2439 808 et
2467 747 2626 827 quod

509 838 599 900 alii
642 837 778 899 vani
806 837 898 899 alii
926 838 1083 899 leves
1115 837 1435 900 admodum
1465 836 1612 898 ictus
1644 844 1825 919 erant.
1883 854 2021 898 nam
2051 841 2298 915 propter
2326 841 2627 911 angustias
2722 870 2725 873 ι

506 922 620 984 loci
651 925 1093 1002 confertamque
1121 922 1350 984 turbam
1374 940 1497 984 non
1521 922 1702 987 modo
1727 923 1797 983 ad
1822 921 2136 984 emittenda
2160 938 2292 985 cum
2316 935 2627 998 procursu,

509 1028 626 1088 quo
655 1007 971 1087 plurimum
1004 1008 1370 1069 concitantur
1399 1007 1539 1079 tela,
1579 1006 1834 1087 spatium
1864 1006 2178 1079 habehant,
2223 1005 2324 1067 sed
2356 1021 2432 1064 ne
2461 1011 2530 1064 ut
2557 1003 2627 1063 de

510 1094 693 1172 gradu
744 1093 973 1172 quidem
1019 1093 1201 1154 libero
1247 1112 1313 1155 ac
1356 1091 1546 1153 stabili
1589 1098 1958 1153 conarentur.
2032 1091 2225 1169 itaque
2266 1108 2335 1150 ex
2378 1089 2624 1151 adverso

507 1180 690 1239 missa
727 1178 837 1238 tela
873 1178 1030 1239 nulla
1059 1178 1119 1238 in
1150 1177 1526 1257 corporibuS,
1568 1196 1696 1238 rara
1725 1177 1784 1237 in
1816 1177 1997 1238 scutis
2027 1174 2365 1237 haerebant:
2405 1173 2479 1234 ab
2510 1173 2625 1235 cir-

510 1262 933 1324 cumstantibus
973 1282 1042 1323 ex
1081 1262 1479 1341 superioribus
1516 1262 1663 1323 locis
1706 1261 1989 1323 vulnerati
2016 1261 2252 1340 quidam
2283 1267 2448 1334 sunt3
2486 1277 2628 1319 mox

507 1365 860 1427 progressos
886 1348 1000 1407 iam
1031 1347 1201 1410 etiam
1233 1366 1302 1408 ex
1331 1347 1498 1408 tectis
1528 1366 1651 1409 non
1681 1348 1790 1408 tela
1813 1347 1992 1409 modo
2016 1347 2121 1407 sed
2142 1345 2367 1424 tegulae
2388 1363 2626 1424 quoque

508 1432 870 1512 inopinantis
895 1432 1283 1512 perculerunt.
1338 1432 1577 1493 sublatis
1601 1432 1808 1493 deinde
1829 1451 2010 1511 supra
2033 1432 2218 1511 capita
2240 1430 2445 1504 scutiS,
2477 1449 2626 1493 con—

509 1517 859 1596 tinuatisque
898 1519 976 1578 ita
1013 1518 1163 1578 inter
1201 1537 1292 1591 se,
1329 1524 1395 1578 ut
1432 1535 1553 1578 non
1589 1519 1771 1579 modo
1802 1518 1874 1578 ad
1905 1535 2108 1578 caecos
2136 1517 2284 1577 ictus
2315 1515 2419 1576 sed
2450 1533 2527 1576 ne
2555 1515 2623 1577 ad

507 1602 883 1671 inserendum
916 1603 1149 1682 quidem
1179 1623 1247 1665 ex
1276 1602 1612 1683 propinquo
1642 1603 1823 1663 telum
1852 1602 1965 1663 loci
1995 1602 2509 1680 quicquamesset,
2538 1608 2626 1661 te-

509 1689 739 1750 studine
782 1690 927 1749 sacta
959 1688 1246 1750 subibant.
1306 1697 1364 1749 et
1391 1687 1615 1767 primae
1643 1687 1941 1767 angustiae
1971 1687 2267 1767 paulisper
2298 1704 2405 1749 sua
2434 1685 2626 1746 hosti—

507 1774 725 1853 umque
761 1775 1001 1835 refertae
1040 1773 1208 1834 turba
1245 1781 1580 1833 tenuerunt:
1624 1782 1937 1853 postquam
1967 1773 2028 1833 in
2057 1770 2445 1851 patentiorem
2475 1771 2624 1832 viam
2684 1831 2687 1833 ,

506 1859 668 1920 urbis
698 1859 975 1938 paulatim
1003 1865 1277 1936 urgentes
1308 1858 1540 1919 hostem
1571 1877 1951 1936 processere,
1969 1876 2093 1919 non
2120 1857 2269 1918 ultra
2297 1857 2385 1918 vis
2417 1874 2623 1919 eorum

495 1950 680 2023 'atque
710 1944 964 2021 impetus
996 1942 1272 2004 sustineri
1302 1951 1589 2021 poterant.
1651 1961 1784 2005 cum
1815 1952 1972 2022 terga
2003 1942 2313 2003 vertissent
2336 1941 2623 2003 Lacedae-

508 2029 694 2093 monii
730 2036 787 2090 et
824 2030 958 2108 fuga
996 2029 1179 2090 effusa
1215 2026 1522 2107 superiora
1559 2036 1822 2107 peterent
1857 2029 2012 2101 loca,
2049 2026 2225 2089 Nabis
2256 2026 2521 2105 quidem,
2559 2034 2624 2087 ut

1622 2236 1717 2280 nur
1772 2236 1870 2270 von
1928 2220 2024 2269 den
2081 2219 2172 2269 auf
2222 2218 2399 2268 beiden
2455 2217 2623 2269 Seiten

1624 2289 1921 2340 Stehenden.
1954 2317 2023 2334 —
2051 2304 2200 2353 rara,
2233 2303 2275 2340 s,
2312 2286 2405 2348 31,
2436 2286 2529 2347 34,
2564 2285 2620 2346 4·ς

1626 2357 1704 2418 10,
1726 2355 1809 2420 29,
1831 2356 1877 2406 7.
1897 2388 1944 2395 -
1963 2373 2031 2407 em
2048 2372 2219 2424 super.
2238 2354 2287 2417 1.,
2314 2355 2392 2404 die
2413 2353 2621 2418 Punkte,

1620 2440 1700 2474 wo
1743 2424 1822 2474 die
1864 2423 2050 2475 Rb‘mer
2087 2424 2417 2487 einch-angen,
2454 2437 2621 2474 waren

576 2211 681 2272 39·
721 2219 868 2270 1—5.
913 2223 1153 2285 angust„
1178 2219 1273 2268 wie
1309 2218 1420 2286 53,
1456 2235 1512 2269 es

507 2292 741 2340 scheinen
778 2290 857 2339 die
896 2288 1145 2342 schmalen
1175 2287 1413 2351 Zugiinge
1451 2304 1514 2338 zu

506 2360 600 2409 den
615 2359 780 2409 Ho‘hen
799 2374 841 2407 c.
854 2356 971 2420 38‚2
992 2358 1209 2420 gemeint
1226 2372 1289 2405 zu
1308 2357 1514 2418 sein„—

505 2430 649 2491 scuti,
670 2443 724 2476 es
737 2441 843 2475 war
857 2424 1122 2488 4F.1ang2
1140 2420 1187 2489 'l’
1204 2423 1511 2477 F.breitund

437 2509 441 2513 ·
508 2496 688 2544 deckte
722 2495 816 2543 den
850 2490 1053 2558 Riirper
1091 2508 1204 2541 vom
1238 2492 1388 2542 Halse
1434 2492 1510 2541 bis

508 2578 573 2611 zu
597 2563 692 2611 den
717 2558 935 2622 Knieeu,
962 2576 1004 2609 s,
1031 2559 1119 2623 31,
1149 2558 1239 2623 39,
1270 2559 1347 2609 12.
1370 2587 1440 2596 -
1463 2564 1516 2609 et

508 2628 661 2695 quod,
709 2636 844 2678 setzt
895 2642 1103 2691 voi-ausi,
1153 2628 1269 2676 dass
1325 2627 1511 2677 andere

508 2700 684 2748 Stiisse
727 2696 1172 2747 nachdriicklicher
1213 2709 1401 2744 waren.
1445 2722 1514 2731 —-

505 2782 606 2820 non
631 2764 807 2831 modo,
840 2764 941 2828 vgl.
968 2763 1057 2825 32,
1095 2762 1184 2830 20,
1221 2764 1276 2824 73
1313 2764 1400 2829 25,
1429 2762 1512 2826 26,

509 2834 597 2895 103
645 2850 748 2884 non
794 2834 865 2883 ist
905 2831 987 2881 fiir
1028 2832 1131 2881 sich
1174 2848 1238 2880 zu
1278 2832 1514 2881 uehmen:

509 2901 657 2962 nicht,
682 2918 763 2951 um
788 2908 946 2951 etwas
967 2900 1215 2962 Miissiges
1241 2916 1306 2948 zu
1331 2914 1512 2962 sagen3

507 2972 594 3020 das
631 2968 803 3020 Ganze
836 2970 906 3018 ist
929 2968 1257 3030 Schilderung
1290 2967 1433 3016 einer
1458 2968 1515 3016 in

506 3042 624 3089 arto
647 3053 844 3106 pugna,
869 3037 973 3101 vgl.
999 3034 1210 3101 23‚27‚7
1223 3054 1235 3086 :
1260 3038 1313 3085 in
1336 3039 1515 3086 artum

507 3106 783 3173 compulsz'5
815 3104 906 3167 28,
943 3103 1034 3166 33,
1072 3104 1101 3152 5
1134 3120 1182 3152 u.
1216 3118 1258 3153 a.
1295 3132 1364 3139 —
1397 3118 1515 3153 cum

505 3189 674 3240 proc„
708 3174 798 3222 mit
831 3171 1040 3231 Anlauf3
1083 3172 1266 3220 anders
1295 3186 1514 3237 procur-

509 3242 642 3290 satio
668 3239 756 3303 28,
791 3238 883 3300 33,
919 3237 966 3287 3.
999 3266 1065 3274 —-
1101 3238 1163 3287 de
1188 3237 1387 3303 gradu,
1420 3253 1512 3287 aus

509 3308 600 3359 der
619 3306 867 3369 Stellung‚
893 3306 971 3355 die
997 3306 1069 3354 sie
1089 3306 1178 3354 mit
1195 3305 1372 3355 {Testem
1390 3304 1515 3355 Auf-

509 3382 675 3426 treten
701 3376 813 3424 inne
840 3376 1037 3437 hatten,
1071 3373 1172 3436 vgl.
1200 3372 1281 3437 32,
1308 3373 1387 3431 25,
1420 3373 1511 3434 1ος

509 3443 685 3493 Senec.
729 3443 821 3508 Ep.
851 3440 926 3506 ,3,
970 3440 1000 3489 8
1028 3441 1144 3505 (29)
1193 3439 1246 3490 6:
1290 3440 1413 3507 quid
1453 3440 1517 3491 de

504 3511 678 3577 gradu
701 3513 909 3576 jacim,-
949 3509 1186 3574 iibrigens
1222 3509 1292 3558 ist
1322 3510 1515 3573 cigent-

510 3580 607 3630 licb
654 3594 718 3628 zu
768 3580 985 3628 denken:
1034 3578 1128 3628 sed
1175 3582 1237 3627 ut
1282 3594 1346 3627 ne
1396 3592 1516 3644 spa-

511 3650 640 3699 tium
673 3646 870 3713 quidem
903 3647 1168 3707 haberent,
1211 3648 1271 3695 ut
1308 3645 1372 3695 de
1412 3651 1513 3695 etc.

510 3744 578 3754 —-
602 3715 793 3780 stabili,
826 3730 867 3764 S.
895 3713 984 3775 21,
1019 3712 1109 3777 31,
1149 3713 1225 3763 11.
1258 3741 1326 3750 —
1357 3728 1514 3763 cona-

509 3790 670 3849 rent.,
712 3784 856 3834 einen
890 3780 1113 3833 Versuch
1150 3797 1261 3831 zum
1300 3779 1512 3831 Werfen

509 3855 713 3905 macheu
741 3852 977 3902 kounten.
1001 3875 1070 3886 —
1089 3851 1261 3914 itaque
1285 3850 1404 3913 geht
1427 3847 1519 3898 auf

510 3921 543 3989 ξ
585 3922 640 3973 2:
685 3925 738 3972 et
775 3918 911 3989 quod
948 3923 1045 3968 etc.
1089 3917 1279 3967 zuriick
1308 3933 1389 3967 um
1421 3917 1512 3966 das

509 3992 652 4055 Folg.
699 3992 762 4042 ab
808 3989 1156 4042 circumstant.
1201 3985 1510 4048 anzut'iigen:

1621 2500 1780 2543 etwas
1800 2492 2075 2556 niedriger;
2098 2492 2252 2543 exist
2270 2491 2361 2541 auf
2373 2490 2626 2541 vulnerati

1622 2561 1759 2610 nicht
1781 2559 1871 2610 auf
1890 2562 2149 2611 circnma-t.
2175 2560 2425 2623 bezogen,
2458 2574 2539 2607 wo
2568 2572 2622 2608 es

1618 2632 1671 2679 in
1695 2630 1895 2679 heissen
1928 2629 2118 2678 wiirde.
2145 2656 2214 2665 —
2236 2630 2342 2678 iam
2366 2628 2550 2691 etzkzm,
2583 2641 2622 2675 s·

1621 2695 1703 2759 33,
1729 2696 1810 2759 39,
1832 2697 1878 2758 7,
1905 2703 2040 2746 setzt
2064 2714 2132 2747 ex
2157 2699 2301 2747 tectis
2325 2695 2417 2746 mit
2440 2711 2509 2746 eoe
2531 2710 2622 2745 su-

1616 2780 1724 2832 per.
1752 2765 1875 2814 locis
1895 2765 1943 2813 in
1971 2764 2272 2829 Beziehung.

1689 2831 1859 2881 6—7.
1928 2832 2142 2882 sublatis
2183 2861 2253 2869 —
2292 2832 2623 2893 continuatis,

1622 2899 1951 2962 Schilderung
1977 2901 2067 2949 der
2091 2900 2309 2962 testacia,
2335 2915 2372 2950 8.
2396 2898 2479 2958 44,
2501 2897 2533 2947 9
2570 2897 2623 2947 6:

1622 2970 1783 3019 acutis
1816 2983 1974 3036 super
2007 2970 2179 3036 capita
2210 2968 2465 3026 dezzsatr255
2499 2966 2622 3016 eben

1622 3051 1679 3085 so
1705 3037 1840 3087 steht
1863 3041 2006 3087 sonst
2036 3052 2218 3105 super,
2253 3051 2317 3085 au
2349 3052 2397 3085 u.
2426 3034 2503 3085 St.
2538 3049 2626 3084 su-

1618 3119 1733 3171 pra.
1751 3130 1821 3141 -—
1843 3102 2097 3155 inser-end.
2124 3122 2187 3169 q.,
2210 3104 2312 3167 vgl.
2339 3102 2459 3154 Tac.
2485 3100 2547 3151 Η.
2575 3100 2622 3161 3,

1622 3170 1710 3222 27:
1755 3172 1943 3223 lanceis
1973 3176 2288 3223 scrutantur.
2319 3198 2389 3208 -—
2428 3172 2627 3239 primae

1619 3256 1767 3305 ang„
1790 3242 1915 3290 nach
1937 3241 2048 3290 dem
2073 3239 2241 3303 Fo'lg.:
2267 3243 2460 3309 patent.
2488 3239 2626 3288 viam

1620 3310 1789 3372 urbia,
1824 3310 1914 3357 der
1938 3307 2146 3372 Zugang
2171 3323 2264 3357 zur
2288 3307 2460 3368 stadt,
2494 3306 2624 3355 deun

1622 3376 1685 3425 da
1720 3391 1779 3425 es
1809 3374 1842 3441 ξ
1866 3377 1896 3425 5
1940 3392 2253 3444 progressos
2286 3376 2472 3436 heisst‚
2515 3374 2626 3424 sind

1568 3493 1575 3496 .
1623 3444 1810 3493 andere
1845 3448 2122 3510 angustiae
2153 3445 2230 3494 als
2263 3443 2298 3510 ξ
2325 3443 2350 3493 1
2387 3440 2626 3507 gemeint.

1621 3538 1690 3548 ·-—
1716 3514 1926 3575 tenuer„
1953 3511 2033 3574 31,
2064 3512 2141 3576 15,
2169 3512 2216 3562 9.
2241 3540 2307 3549 ·—
2325 3510 2626 3579 patentior„

1621 3579 2029 3630 wahrscheinlich
2049 3581 2118 3631 ist
2135 3580 2213 3632 die
2233 3580 2439 3631 Strasse
2457 3578 2627 3643 Aphe-

1622 3646 1744 3709 taiS,
1779 3662 1818 3696 S.
1845 3664 1888 3697 c.
1916 3646 1997 3709 38,
2025 3648 2080 3711 5,
2122 3649 2312 3698 welche
2346 3647 2499 3697 durch
2531 3646 2626 3696 den

1621 3713 1859 3764 ebensten
1904 3715 2051 3766 Theil
2091 3718 2182 3766 der
2223 3716 2373 3767 stadt
2415 3716 2492 3765 bis
2534 3729 2631 3765 zur

1620 3781 1939 3833 Stadtmauer
1956 3782 2142 3849 ffihrte,
2161 3785 2476 3848 gemeint.—-
2494 3799 2631 3853 pau-

1623 3850 1768 3901 latim
1790 3852 1971 3915 gehiirt
1996 3868 2060 3903 zu
2079 3868 2399 3920 processere.

1686 3918 1836 3970 8-9,
1871 3923 2153 3989 superiora,
2178 3921 2365 3971 andere
2387 3919 2467 3971 als
2494 3920 2576 3970 die
2601 3917 2633 3984 ξ

1618 3985 1652 4037 4
1674 4003 1722 4038 u.
1750 4004 1794 4039 c.
1814 3986 1942 4053 3832
1967 3996 2270 4054 genannten,
2295 3988 2346 4039 in
2371 3987 2463 4040 der
2482 3988 2634 4040 stadt
