2861 4550
1114 397 1123 404 «
1188 362 1381 418 LIBER
1412 363 1633 416 XXXll.
1687 362 1831 416 CAP.
1863 364 1940 417 17.
2401 396 2441 423 a.
2462 393 2506 423 u.
2525 383 2629 425 556.

506 370 626 432 126

469 548 473 552 ·
501 524 549 583 si
594 522 813 583 aditum
848 521 1084 583 armatis
1119 520 1179 580 in
1207 520 1410 581 urbem
1444 519 1837 599 patefecisset,
1878 520 2072 598 fugam
2104 519 2240 582 inde
2265 522 2652 602 caedemque⁸

424 623 456 671 6
497 608 761 671 hostium
787 608 930 681 fore,
966 606 1151 687 qualis
1170 607 1354 685 captis
1375 605 1624 674 urbibus
1648 604 1772 666 fieri
1795 605 1961 667 solet.
2023 612 2280 670 ceterum
2301 614 2628 687 postquam

495 700 663 773 parte
700 694 851 756 muri
893 691 1168 754 arietibus
1209 692 1454 752 decussa
1491 709 1597 771 per
1621 691 1783 770 ipsas
1814 690 2014 754 ruinas
2043 692 2629 755 transcenderunt-in

498 779 704 840 urbem
743 779 975 849 armati,
1014 777 1154 838 illud
1193 775 1549 857 principium
1588 775 1741 837 velut
1779 776 1915 838 novi
1955 784 2142 857 atque¹
2163 778 2373 859 inoegri
2401 777 2629 840 laboris

422 875 451 923 7
498 864 619 925 fuit.
685 883 821 926 nam
850 863 1228 935 Macedones,
1270 861 1368 941 qui
1407 861 1468 922 in
1509 861 1799 941 praesidio
1834 870 1997 925 erant
2028 870 2086 924 et
2113 863 2369 926 multi-et
2394 862 2625 937 delecti,

419 965 449 1015 8
491 949 733 1029 gloriam
765 948 938 1010 etiam
965 948 1254 1027 egregiam
1279 947 1406 1020 rati,
1437 947 1488 1008 si
1513 947 1692 1029 armis
1717 946 1916 1027 potius
1940 955 1998 1008 et
2017 948 2227 1010 virtute
2251 965 2428 1029 quam
2449 968 2625 1010 moe-

489 1035 666 1096 nibus
712 1035 923 1096 urbem
960 1040 1288 1104 tuerentur,
1341 1033 1590 1093 conferti
1606 1078 1621 1106 ‚
1670 1031 1936 1112 pluribus
1975 1034 2276 1096 introrsusx
2309 1035 2619 1096 ordinibus

491 1120 614 1182 acie
647 1120 903 1193 firmata,
946 1137 1080 1180 cum
1112 1118 1524 1180 transcendere
1552 1119 1752 1180 ruinas
1783 1118 2107 1181 sensissent
2135 1120 2469 1194 RomanoS,
2507 1137 2624 1199 per

416 1217 448 1267 9
486 1205 834 1284 impeditum
874 1224 941 1265 ac
971 1204 1261 1265 difficilem
1293 1205 1362 1265 ad
1396 1210 1695 1283 receptum
1725 1204 1922 1266 locum
1956 1204 2320 1285 expulerunt.
2379 1206 2438 1267 id
2467 1219 2618 1266 eon-

491 1291 593 1352 sul
611 1308 780 1369 aegre
811 1308 1049 1369 passuS,
1070 1308 1176 1350 nec
1201 1308 1328 1350 eam
1351 1289 1735 1367 ignominiam
1759 1289 1831 1350 ad
1855 1289 2030 1351 unius
2053 1291 2233 1352 modo
2259 1308 2617 1370 oppugnan-

490 1376 596 1436 dae
633 1394 879 1436 moram<
901 1374 1062 1436 urbis
1103 1376 1205 1436 sed
1237 1375 1307 1436 ad
1339 1393 1634 1436 summam
1665 1374 1918 1435 universi
1946 1374 2084 1436 belli
2107 1376 2399 1455 pertinere
2427 1379 2634 1449 ratim,

491 1459 649 1539 quod
680 1479 750 1521 ex
775 1459 1086 1523 momentis
1109 1478 1418 1540 parvarum
1441 1459 1788 1539 plerumque
1807 1478 2003 1521 rerum
2025 1461 2333 1539 penderet,
2362 1468 2614 1541 purgato

386 1557 448 1609 10
487 1545 645 1619 loco,
686 1545 786 1625 qui
826 1553 1019 1625 strage
1058 1546 1322 1608 semiruti
1363 1544 1519 1606 muri
1559 1540 1886 1607 cumulatus
1921 1556 2067 1621 erat,
2104 1554 2336 1608 turrem*
2358 1546 2612 1625 ingentis

486 1631 800 1693 altitudinis
829 1649 1100 1710 magnam
1132 1632 1247 1692 vim
1277 1639 1638 1691 armatorum
1668 1630 1971 1710 multiplici
1993 1631 2251 1696 tabulato
2274 1640 2613 1711 portantem

383 1732 439 1782 11
485 1716 806 1796 promovit,
846 1724 904 1777 et
942 1717 1216 1778 cohortes
1254 1716 1315 1777 in
1348 1715 1533 1776 vicem
1563 1715 1674 1777 sub
1706 1715 1917 1796 signiS,
1949 1733 2108 1795 -quae
2138 1733 2388 1780 cuneum
2418 1716 2609 1778 Mace-

487 1803 717 1864 donum
742 1837 825 1847 —-
854 1802 1198 1882 phalangem
1242 1801 1354 1880 ipsi
1396 1808 1606 1861 vocant
1631 1835 1743 1876 ——,
1782 1802 1833 1863 si
1863 1809 2135 1881 possent,
2176 1801 2231 1862 vi
2261 1820 2609 1882 perrumpe-

384 1901 443 1951 12
484 1895 630 1961 rent,
661 1888 975 1949 emittebat.
1036 1887 1139 1948 sed
1165 1885 1375 1967 adfioei
1399 1886 1716 1966 angustiae,
1745 1887 1898 1948 haud
1913 1887 2033 1950 late
2055 1895 2288 1967 patente
2307 1883 2606 1953 intervallo

381 1986 442 2036 13
486 1973 664 2034 diruti
702 1973 884 2047 muri,
923 1990 1108 2052 genus
1148 1990 1451 2048 armorum
1490 1990 1834 2052 pugnaeque
1872 1971 2029 2034 hosti
2069 1972 2264 2051 aptius
2306 1980 2446 2034 erat.
2508 1972 2608 2036 ubi

485 2058 729 2120 conferti
770 2059 964 2119 hastas
1003 2057 1250 2137 ingentis
1291 2056 1669 2135 longitudinis
1708 2076 1850 2137 prae
1883 2076 1946 2119 se
1976 2058 2323 2119 Macedones
2356 2055 2606 2119 obiecis-

1595 2275 1660 2311 w.
1706 2277 1763 2311 so
1806 2262 1921 2326 dass
1963 2278 2060 2312 von
2102 2259 2438 2326 Erstiirmuug
2481 2262 2606 2325 (ex-

1589 2330 1930 2397 pugnandae)
1981 2331 2136 2380 noclr
2161 2330 2304 2380 nicht
2346 2332 2427 2381 die
2469 2329 2603 2382 Reda

1596 2398 1702 2447 sein
1737 2398 1917 2448 ko’nne.
1942 2426 2008 2435 -—
2032 2414 2289 2449 summam
2322 2415 2375 2449 u.
2411 2401 2488 2464 b.,
2524 2400 2601 2450 die
2667 2410 2672 2413 ’

481 2263 735 2314 Aunahme
785 2270 1030 2327 entgegen
1088 2260 1298 2325 gestellt
1343 2261 1487 2325 wird,

482 2333 618 2383 nicht
635 2342 959 2394 angemessen
984 2345 1108 2394 war,
1134 2330 1234 2392 vgl.
1265 2329 1341 2390 10,
1364 2328 1411 2393 3,
1433 2330 1488 2386 8:

479 2404 763 2468 potuisse&
800 2398 891 2463 30,
926 2399 1017 2462 25,
1045 2398 1091 2448 7.
1117 2426 1187 2435 -
1208 2400 1258 2448 si
1278 2425 1344 2434 -
1368 2397 1489 2447 inde

481 2468 579 2517 wie
613 2470 664 2518 si
680 2495 749 2504 —
775 2472 907 2530 tum,
943 2466 988 2529 6,
1015 2465 1095 2531 37,
1125 2464 1203 2528 10,
1241 2467 1362 2515 doch
1397 2465 1488 2515 be-

482 2536 711 2585 zeichnet
732 2534 850 2584 inde
878 2534 956 2584 die
986 2535 1091 2583 sich
1122 2532 1486 2583 entwickelnde

480 2602 667 2665 Folge;
719 2606 829 2652 tum
871 2603 964 2652 den
1013 2600 1329 2652 bestimmten
1374 2600 1486 2650 Mo-

382 2690 385 2693 ·
478 2672 616 2721 ment
657 2672 746 2721 des
779 2671 1072 2721 Eintretens
1108 2669 1397 2733 derselbcn,
1441 2685 1482 2718 S.

479 2739 526 2802 4,
553 2739 636 2803 47,
662 2739 718 2789 2:
746 2755 862 2790 cum
886 2767 953 2775 --
975 2737 1094 2789 inde
1117 2753 1165 2789 u.
1191 2753 1236 2786 a.

546 2807 714 2857 6-7.
753 2813 978 2859 ceterum
1012 2808 1128 2869 geht
1158 2804 1249 2856 auf
1265 2807 1488 2873 atrocio-

479 2891 588 2926 rem
613 2876 818 2940 zuriick,
847 2891 887 2926 S.
916 2875 962 2940 8,
992 2875 1040 2939 3,
1067 2873 1114 2924 8.
1137 2901 1207 2911 --
1224 2872 1379 2943 parte
1395 2890 1485 2936 m„

477 2960 525 2995 s:
546 2961 590 2996 c.
620 2944 706 3007 16,
746 2945 826 2995 11.
851 2974 918 2981 -
940 2944 1157 2994 decussa
1180 2941 1272 3009 ist,
1306 2943 1368 2993 da
1394 2944 1487 2992 der

475 3014 608 3063 aries
641 3014 721 3063 die
756 3021 938 3064 nutem
970 3011 1146 3062 Theile
1183 3012 1274 3061 der
1309 3011 1486 3061 Manet·

475 3081 617 3144 trifft,
645 3083 800 3132 nicht:
827 3098 925 3133 von
952 3081 1077 3130 oben
1098 3080 1251 3130 herab
1273 3078 1482 3143 wer-fen,

476 3150 719 3198 sondern:
746 3149 840 3198 das
858 3147 1220 3210 Hernbsinken,
1246 3148 1340 3197 den
1360 3146 1483 3197 Ein-

476 3222 618 3266 sturz
644 3216 921 3279 bewirken,
958 3214 1351 3276 niederwerfeu,
1377 3215 1480 3277 vgl.

476 3282 566 3348 33,
595 3284 682 3347 17,
708 3283 767 3344 9;
795 3283 885 3346 37,
911 3283 966 3344 6,
997 3283 1040 3332 1.
1067 3310 1133 3319 -
1157 3285 1278 3333 novi
1297 3298 1345 3333 a.
1368 3285 1482 3345 int„

474 3351 577 3414 vgl.
602 3351 684 3414 22,
705 3348 788 3415 47,
809 3351 867 3411 93
904 3349 1093 3414 30‚›26‚
1121 3349 1165 3413 8,
1194 3365 1257 3399 zu
1284 3350 1329 3412 5,
1355 3349 1403 3413 5,
1432 3349 1483 3399 6.

473 3447 542 3457 --
559 3420 784 3485 gloriam
806 3421 981 3482 etiam,
1019 3418 1154 3469 nicht
1184 3417 1335 3467 allein
1372 3417 1480 3467 ihre

474 3485 653 3538 Pssicht
674 3503 741 3536 ‘zu
772 3488 919 3551 thou,
954 3487 1169 3535 sondern
1206 3485 1331 3534 auch
1356 3500 1405 3534 u.
1435 3500 1476 3534 s,

474 3569 540 3605 w,
563 3580 633 3595 -·—
655 3559 723 3620 si,
758 3556 861 3619 vgl.
897 3555 960 3605 ad
994 3554 1210 3603 Herenn.
1235 3553 1293 3616 4,
1327 3552 1385 3615 4,
1422 3552 1477 3602 6:

473 3624 762 3688 niciforte,
795 3627 845 3673 si
850 3623 1069 3689 fabulas
1095 3624 1480 3688 trmssmpsis·

473 3693 624 3755 setis,
656 3691 946 3757 gloriosum
973 3692 1231 3758 putaretis
1263 3706 1311 3739 u.
1338 3705 1383 3738 a.
1409 3718 1480 3726 —-

473 3761 699 3825 conferti
718 3760 814 3809 wie
838 3757 871 3824 ξ
902 3758 988 3821 133
1016 3759 1097 3821 33,
1124 3758 1170 3825 8,
1198 3759 1277 3808 14.
1301 3784 1371 3795 -
1392 3759 1478 3808 in-

474 3833 692 3892 trorsus,
718 3844 758 3879 s.
787 3828 869 3891 25,
896 3827 977 3890 21,
1003 3827 1060 3888 7;
1089 3826 1169 3890 33,
1195 3827 1242 3877 8.

416 3948 418 3950 ,
541 3896 739 3947 8-10,
771 3910 870 3965 per
891 3896 1074 3964 imped.
1104 3901 1229 3959 etc.‚
1263 3894 1365 3958 vgl.
1391 3894 1474 3959 21,

471 3964 528 4027 9,
568 3964 642 4015 1f.
675 3993 744 4005 ——
778 3964 1173 4034 oppugnandae,
1217 3963 1295 4012 die
1329 3964 1476 4026 lange

472 4032 638 4083 Dauer
670 4036 762 4085 dei·
795 4034 1127 4095 Bestiirmung
1159 4032 1310 4081 sehon
1346 4047 1394 4080 u.
1430 4046 1472 4081 S.

1594 2465 1968 2530 Entscheidung
1992 2467 2080 2516 des
2100 2464 2283 2530 Rriegs
2310 2464 2601 2534 uberhaupt,

1596 2533 1674 2598 31,
1703 2533 1765 2593 37
1788 2573 1801 2595 ,
1828 2536 1873 2584 5.
1899 2563 1964 2571 -
1990 2533 2146 2600 quod,
2180 2532 2483 2597 pronomen,
2519 2534 2609 2585 auf

1592 2604 1729 2653 univ.
1754 2601 1879 2665 belli,
1905 2603 2065 2664 nicht,
2092 2603 2188 2652 wie
2210 2618 2320 2653 man
2348 2610 2598 2653 erwarten

1594 2670 1769 2734 sollte,
1803 2670 1895 2720 auf
1912 2686 2116 2720 summa
2140 2670 2389 2735 bezogeu,
2427 2671 2532 2733 vgl.
2558 2688 2600 2721 c.

1597 2737 2195 2803 15,1;c.16‚12;31‚
2227 2738 2311 2801 14,
2339 2740 2398 2800 53
2435 2739 2496 2802 4,
2521 2736 2600 2802 58,

1592 2805 1733 2854 4.----
1757 2810 2029 2857 momentis
2062 2813 2159 2856 etc.
2193 2807 2295 2869 vgl.
2321 2806 2414 2867 27,
2451 2807 2509 2871 9,
2548 2807 2599 2857 1:

1593 2890 1662 2924 eat
1673 2876 1859 2941 paruis
1876 2886 2034 2942 saepe
2238 2890 2357 2926 mm
2371 2890 2597 2926 momen·

1594 2945 1650 2992 ta
1672 2957 1846 2993 rerum
1860 2942 2113 3009 pendent‚·
2136 2943 2200 2993 ib.
2221 2943 2304 3005 45,
2330 2942 2360 2992 5
2387 2959 2434 2993 u.
2460 2959 2510 2993 a.
2530 2969 2597 2982 -·

1589 3009 1805 3078 multipl.
1831 3011 2036 3061 stiirker
2053 3011 2130 3063 als
2149 3011 2450 3063 multorum.
2467 3011 2596 3061 viel-

1590 3077 1700 3127 fach
1718 3079 1859 3128 mehr
1874 3080 1952 3129 als
1969 3080 2307 3143 gewiihulich3
2329 3095 2422 3129 zur
2439 3078 2595 3129 Sache

1592 3161 1635 3195 s.
1662 3146 1745 3210 21,
1776 3145 1853 3208 11,
1881 3147 1938 3208 73
1981 3147 2064 3210 28,
2092 3146 2138 3209 6,
2166 3147 2225 3209 23
2260 3147 2424 3213 Μαι-(Ι.
2458 3146 2515 3211 3,
2549 3147 2594 3210 2,

1590 3213 1653 3262 47
1660 3212 1691 3262 8
1701 3212 1738 3265 f.
1748 3240 1818 3253 --
1826 3218 1921 3266 sub
1933 3219 2033 3281 sig.
2048 3216 2183 3265 nicht
2192 3217 2267 3265 als
2280 3216 2343 3266 ob
2354 3216 2593 3266 ἀίω-σθω.

1592 3280 1840 3332 Cohorten
1866 3283 1943 3333 als
1973 3284 2149 3334 >soleba
2173 3283 2379 3333 Fahuen
2413 3281 2594 3347 gebabt

1589 3349 1779 3412 hiitten,
1805 3365 1845 3400 s,
1868 3350 1950 3412 27,
1979 3351 2059 3414 12,
2088 3351 2177 3412 17;
2203 3351 2267 3401 ib.
2295 3350 2371 3414 13,
2400 3351 2454 3411 73
2480 3364 2593 3401 son-

1590 3417 1713 3466 deru
1740 3419 1790 3467 in
1816 3419 2300 3484 Schlachtordnuug,
2325 3426 2478 3469 uuter
2497 3420 2591 3468 deu

1585 3484 1804 3551 Fahnen,
1822 3487 2013 3536 welche
2033 3487 2114 3536 die
2134 3486 2162 3535 3
2175 3487 2397 3553 Manipel
2406 3488 2590 3550 hatten,

1584 3567 1676 3602 uus
1702 3554 1877 3670 ddenen
1918 3555 2093 3620 spiiter
2133 3555 2213 3605 die
2249 3555 2466 3607 Cohorte
2508 3555 2591 3605 he-

1587 3628 1697 3671 stan
1737 3659 1749 3670 .

1656 3687 1891 3739 lle—14.
1936 3704 2175 3753 cuneum,
2202 3707 2244 3741 s,
2268 3692 2313 3754 7,
2340 3691 2421 3754 24,
2449 3692 2591 3771 ‘ic-.-

1587 3840 1709 3876 uere
1738 3759 2590 3891 Agbetlssilggffiegegillgletaaeefflu

1584 3893 1796 3959 kounte,
1817 3909 1876 3945 -ε,
1901 3894 1992 3958 31,
2025 3894 2119 3959 42,
2153 3895 2211 3956 4;
2248 3895 2330 3959 33,
2364 3895 2410 3962 9,
2442 3894 2491 3945 3.
2524 3920 2589 3933 ·--

1581 3963 1810 4027 cingentis
1829 3962 1971 4028 long.
1997 3979 2039 4012 s.
2065 3963 2158 4027 31,
2185 3962 2517 4028 39‚10;33,
2543 3962 2587 4024 9,

1586 4028 1674 4090 1ος
1712 4029 1888 4095 Polyb.
1918 4030 2006 4094 18,
2044 4031 2127 4081 12:
2162 4027 2227 4081 τὸ
2262 4029 2325 4081 δὲ
2356 4031 2467 4083 τῶν
2491 4042 2587 4079 σα-
