2861 4550
391 1145 471 1208 37

498 386 623 448 236

1113 382 1307 436 masa
1340 381 1586 435 xxxm.
1647 353 1785 436 cAP'.
1812 385 1896 437 aa.
1922 383 2004 436 37.

2391 412 2434 440 a..
2455 413 2498 443 us
2521 403 2623 443 558.

395 554 458 603 14
500 541 560 600 in
602 538 884 619 Capitolio
925 539 1046 600 Iovi
1080 541 1303 601 donum
1344 541 1406 602 in
1443 539 1585 601 aede
1619 540 1881 620 positum
1921 540 2142 603 scribit.
2185 548 2376 603 castra
2409 561 2484 603 eo
2525 543 2627 608 die

500 626 793 687 Gallorum
833 634 1156 705 expugnata
1196 627 1561 706 direptaque,
1601 633 1659 686 et
1697 626 1946 688 Comum
1986 627 2273 707 oppidum
2309 635 2453 707 post
2493 628 2623 689 dies

497 730 719 790 paucos
750 722 1001 791 captum.
1035 712 1263 778 castella
1290 713 1428 773 inde
1453 713 1573 773 duo
1605 711 1677 772 de
1705 731 1818 773 xxx
1841 713 1912 773 ad
1938 713 2240 774 consulem
2265 712 2623 775 defecerunt.

398 801 457 851 15
499 797 556 859 id
588 805 820 877 quoque
857 798 1010 859 inter
1046 798 1363 876 scriptores
1404 797 1743 878 ambigitur,
1780 804 1978 862 utrum
2020 798 2294 866 iu-Boios
2341 798 2506 879 prius
2547 817 2625 860 au

497 883 774 944 Insubres
806 884 1010 946 consul
1040 883 1355 944 exerffl'tum
1388 883 1637 956 duxerit,
1667 883 2088 963 adversamque
2113 891 2401 963 prospera
2423 902 2625 963 pugna

496 969 924 1043 oblitteraverit,
955 988 1028 1030 an
1058 969 1299 1030 victoria
1316 970 1389 1030 ad
1411 969 1662 1031 Comum
1685 979 1850 1049 parta
1871 970 2190 1031 deformata
2209 969 2458 1031 eladein
2477 969 2624 1031 Bois

498 1063 727 1133 accepta
758 1055 851 1116 sit.

667 1140 787 1200 Sub
816 1141 962 1201 haec
989 1148 1109 1200 tam
1146 1140 1300 1201 varia
1339 1141 1572 1202 fortuna
1611 1148 1769 1218 gesta
1798 1140 1863 1202 L.
1896 1141 2107 1203 Furius
2138 1141 2432 1221 Purpurio
2473 1142 2620 1204 alter

423 1239 451 1287 2
498 1226 701 1286 consul
740 1244 849 1305 per
884 1226 1103 1287 tribum
1132 1225 1429 1306 Sapiniam
1455 1227 1531 1286 in
1569 1225 1752 1287 Boios
1795 1226 1971 1288 venit.
2030 1228 2144 1288 iam
2192 1234 2386 1288 castro
2416 1227 2620 1290 Mutilo

496 1312 1026 1391 adpropinquabat,
1071 1329 1201 1372 cum
1249 1312 1495 1385 verituS,
1536 1330 1614 1374 ne
1656 1311 2137 1384 intercluderetur
2177 1312 2366 1373 simul-
2400 1332 2440 1376 a
2463 1313 2620 1378 Bois

496 1397 950 1477 Liguribusque,
991 1397 1304 1457 exercitum
1344 1397 1549 1460 eadem
1588 1396 1702 1470 via,
1745 1415 1857 1477 qua
1902 1399 2248 1470 adduxerat,
2290 1398 2521 1459 reduxit
2566 1407 2624 1460 et

498 1497 716 1561 magno
746 1482 991 1544 circuitu
1016 1501 1124 1562 per
1153 1490 1347 1563 aperta
1379 1502 1566 1563 eoque
1595 1490 1716 1545 tuta
1745 1483 1872 1545 loca
1902 1483 1972 1544 ad
2013 1484 2294 1562 collegam
2331 1484 2619 1562 pervenit.

424 1581 453 1630 3
498 1569 629 1628 inde
659 1569 873 1630 iunctis
904 1568 1251 1630 exercitibus
1280 1569 1539 1648 primum
1569 1568 1849 1629 Boiorum
1879 1586 2080 1647 agrum
2114 1587 2301 1648 usque
2329 1569 2401 1629 ad
2428 1569 2620 1630 Felsi-

424 1666 456 1713 4
497 1672 633 1714 nam
664 1655 950 1735 oppidum
978 1655 1327 1733 populantes
1356 1661 1823 1733 peragraverunt.
1882 1673 1949 1715 ea
1967 1655 2113 1716 urbs
2136 1665 2440 1734 ceteraque
2457 1654 2618 1716 circa

498 1741 743 1800 castella*
770 1749 829 1802 et
866 1739 974 1801 Boi
1015 1740 1133 1801 fere
1170 1756 1377 1801 omnes
1418 1747 1650 1819 praeter
1685 1740 2070 1815 iuventutem,
2107 1759 2258 1820 quae
2296 1741 2616 1819 praedandi

496 1841 667 1885 causa
697 1826 757 1886 in
788 1827 966 1887 armis
988 1834 1110 1887 erat
1134 1860 1216 1872 —-
1236 1834 1377 1887 tune
1397 1824 1458 1885 in
1483 1825 1674 1886 devias
1699 1826 1870 1887 silvas
1891 1834 2210 1887 recesserat
2231 1857 2341 1897 ——,
2363 1825 2426 1886 in
2449 1827 2616 1887 dedi-

420 1923 450 1972 5
495 1912 716 1972 tionem
746 1920 1044 1973 venerunt.
1099 1912 1159 1972 in
1182 1911 1426 1990 Ligures
1450 1910 1587 1972 inde
1607 1912 1904 1972 traductus
1926 1912 2230 1973 exercitus.
2283 1911 2393 1971 Boi
2415 1911 2618 1991 negle-

494 1996 723 2078 gentius
770 2005 1035 2058 coactum
1079 2013 1286 2075 agmen
1326 1997 1756 2071 Romanorum,
1804 1996 1937 2076 quia
1987 1997 2099 2078 ipsi
2149 1997 2358 2076 procul
2410 1997 2617 2058 abesse

497 2213 567 2264 Ca
601 2213 755 2275 stolio,
783 2211 859 2262 die
886 2210 1070 2260 andere
1093 2207 1297 2259 Lesart:
1321 2211 1375 2260 in
1402 2210 1498 2262 Ca-

488 2285 549 2351 pi
571 2283 729 2333 olium
774 2282 842 2330 ist
887 2279 1194 2342 wenigstens
1242 2281 1351 2329 dem
1396 2280 1497 2331 Ge-

496 2352 709 2401 brauche
734 2348 819 2400 L’s
848 2349 987 2398 nieht
1018 2362 1369 2411 angemessen,
1405 2364 1501 2400 nur

495 2419 577 2479 41,
599 2419 682 2479 20,
704 2419 751 2480 7,
771 2418 837 2469 ib.
856 2416 938 2477 28,
965 2415 994 2466 8
1018 2415 1171 2466 findet
1189 2417 1293 2467 sich
1308 2432 1503 2483 ponere

493 2491 544 2537 in
570 2487 659 2536 mit
683 2486 791 2535 dem
814 2486 1102 2535 Accusativ.
1128 2512 1198 2523 —·
1218 2488 1271 2535 in
1293 2487 1418 2536 aede
1452 2504 1500 2536 n.

496 2555 633 2605 loris
654 2555 783 2604 kann
810 2556 995 2604 niibere
1016 2554 1351 2618 Bestimmung
1375 2555 1500 2618 sein,

496 2639 538 2672 s.
569 2623 613 2687 1,
639 2621 720 2684 36,
747 2623 804 2684 5,
828 2623 891 2672 da
913 2622 1003 2672 auf
1021 2624 1131 2671 dem
1156 2622 1348 2688 Capitol
1373 2625 1501 2676 noch

492 2690 911 2758 andere·Tempel
934 2706 1116 2742 ausser
1137 2691 1248 2741 dem
1273 2692 1362 2740 des
1381 2691 1502 2758 Jup-

492 2761 625 2826 piter
646 2776 846 2822 waren,
873 2775 914 2810 s.
945 2760 999 2823 1,
1036 2757 1128 2819 333
1164 2759 1251 2824 22,
1293 2759 1381 2821 1ος
1417 2759 1497 2825 35,

492 2830 586 2889 413
613 2828 695 2891 39,
721 2828 786 2878 22
811 2845 860 2879 ιι.
883 2843 960 2888 a.3
986 2828 1091 2891 vgl.
1117 2827 1201 2889 40,
1227 2826 1308 2893 52,
1335 2828 1390 2877 7:
1418 2832 1500 2878 ta-

491 2897 608 2948 bula
639 2899 696 2947 in
734 2896 860 2947 aede
893 2896 1031 2947 Iovis
1067 2900 1120 2947 ὑι
1158 2895 1399 2964 Capitolio
1430 2925 1500 2933 —

377 2998 386 3006 -
479 2967 605 3032 fioea
627 2970 735 3024 esu
757 2966 941 3015 andere
966 2966 1034 3015 ist
1062 2965 1106 3027 1,
1132 2963 1214 3026 38,
1242 2966 1294 3013 7:
1323 2980 1500 3015 aream

490 3035 562 3085 ad
605 3034 782 3085 aedem
830 3036 888 3084 in
933 3033 1176 3101 Capitolio
1218 3032 1366 3084 lotis.
1424 3033 1501 3082 Da

493 3103 599 3152 sich
623 3109 768 3153 soust
786 3103 861 3153 oft
880 3118 972 3152 nur
988 3106 1041 3152 ,in
1064 3101 1305 3169 Capitolio
1324 3101 1499 3165 findet,

494 3186 534 3220 s,
550 3171 598 3234 4,
611 3170 693 3233 20,
704 3172 752 3232 43
775 3171 855 3232 38,
866 3170 995 3233 35,4
1016 3186 1062 3220 ιι.
1084 3185 1149 3232 a.,
1171 3185 1227 3218 so
1248 3169 1352 3220 will
1374 3168 1499 3219 Cre·

488 3238 605 3289 vier
619 3243 671 3290 in
690 3239 817 3290 aede
838 3239 1013 3301 tilgen.
1052 3237 1161 3288 Zur
1177 3236 1335 3287 Saehe
1354 3252 1396 3288 s.
1417 3238 1500 3300 25,

494 3306 577 3372 39,
608 3308 684 3357 17.
709 3338 756 3346 —
777 3310 901 3375 post
918 3322 973 3374 p.
999 3304 1075 3368 d.,
1109 3321 1151 3356 s.
1179 3322 1222 3354 c.
1248 3304 1342 3369 30,
1384 3306 1428 3356 1.
1453 3332 1502 3340 —

492 3377 548 3427 id
556 3392 720 3442 quoq„
734 3375 854 3424 weil
873 3374 955 3423 die
974 3373 1266 3437 Erziihluug
1281 3374 1374 3424 der
1390 3374 1501 3424 bei·-

492 3447 586 3495 den
615 3444 906 3494 Genannten
932 3442 1021 3492 mit
1048 3443 1140 3492 der
1168 3442 1261 3492 der
1291 3442 1501 3506 iibrigen

494 3512 788 3563 Annalisten
808 3511 946 3562 nicht
967 3511 1412 3561 iibereinstimmte.
1434 3539 1500 3548 ——-

491 3598 558 3630 an
583 3580 806 3638 Insubr„
833 3596 876 3629 S.
906 3578 984 3641 10,
1010 3578 1092 3643 36,
1119 3576 1177 3641 8;
1216 3578 1296 3645 29,
1321 3577 1413 3643 31,
1439 3577 1501 3642 2;

494 3650 616 3699 doch
644 3646 833 3697 konnte
852 3652 907 3698 in
932 3647 1086 3698 leicbt
1108 3647 1372 3698 ausfallen.

565 3706 670 3767 37·
722 3715 886 3766 1-2,
924 3719 1019 3768 sub
1043 3718 1092 3767 Ιι.
1112 3722 1291 3782 gesta,
1323 3716 1424 3780 vgl.
1455 3717 1502 3776 7,

495 3785 586 3848 31,
615 3784 674 3845 53
708 3786 803 3835 sub
826 3786 948 3836 haec
972 3785 1134 3849 dicta;
1174 3784 1263 3851 35,
1287 3784 1375 3850 31,
1415 3782 1501 3834 13:

493 3854 740 3905 subhanc
763 3870 961 3916 vocem5
1000 3854 1079 3917 21,
1104 3853 1151 3915 2,
1185 3853 1239 3915 1;
1275 3853 1503 3917 hiiufiger

494 3923 629 3974 steht
652 3924 748 3975 sub
771 3924 863 3973 mit
877 3924 1018 3973 einer
1037 3921 1502 3985 Zeitbestimmung,

493 3990 671 4054 lucem,
697 4007 956 4057 occasum,
989 3991 1124 4042 idem
1147 3995 1348 4058 tempus
1379 4007 1428 4039 ιι.
1453 4005 1500 4040 a.

494 4087 558 4096 —-
598 4060 717 4110 trib.
751 4058 871 4130 Sap.
909 4089 972 4099 —
1007 4063 1132 4111 cast.
1167 4058 1326 4121 Mat„
1352 4073 1393 4109 s.
1416 4056 1499 4123 31,

1608 2211 1666 2277 2,
1711 2207 1831 2277 6ff.;
1880 2197 1971 2262 der
2013 2209 2224 2277 Consul,
2267 2213 2378 2263 dem
2416 2212 2617 2264 Gallien

1607 2283 1744 2333 nicht
1765 2283 2054 2333 unbekannt
2087 2294 2219 2345 war,
2256 2278 2419 2343 ³:31,
2455 2283 2515 2344 83
2551 2283 2612 2333 21

1607 2351 1756 2401 riickt
1797 2367 1897 2402 von
1932 2350 2088 2402 Osten
2132 2350 2209 2399 ein
2226 2387 2241 2414 ,
2287 2350 2368 2400 die
2400 2351 2619 2415 Ligurcr

1608 2420 1717 2469 sind
1758 2421 1880 2470 weit
1922 2420 2046 2470 nach
2080 2416 2295 2469 Westea
2331 2434 2618 2483 vor-gegan-

1608 2503 1720 2551 gen,
1746 2488 1847 2551 vgl.
1873 2487 1955 2549 34,
1981 2486 2063 2551 56,
2092 2486 2171 2536 10.
2197 2515 2267 2524 —
2287 2493 2489 2555 aperta,
2513 2489 2617 2552 vgl.

1608 2555 1698 2620 31,
1725 2556 1780 2618 2,
1806 2556 1865 2618 63
1901 2554 1993 2617 34,
2028 2555 2118 2616 46,
2150 2556 2199 2605 4.
2224 2583 2293 2593 -
2315 2572 2498 2623 eoque,
2533 2557 2617 2622 29,

1610 2624 1701 2687 20,
1740 2625 1796 2685 1;
1832 2625 1899 2674 ib.
1936 2624 2028 2687 25,
2063 2623 2124 2674 12
2156 2640 2207 2674 ιι.
2242 2641 2287 2674 a.
2319 2653 2385 2661 -—-
2417 2625 2618 2691 colleg„

1609 2693 1776 2742 dieser
1801 2693 1995 2742 scheint
2017 2707 2107 2742 aus
2139 2693 2250 2743 dem
2276 2692 2490 2744 Gebioto
2517 2708 2618 2744 von

1608 2760 1809 2811 Comum
1834 2761 2016 2810 weiter
2038 2761 2226 2811 siidlieb
2259 2774 2519 2825 gegangen
2554 2778 2619 2811 zu

1608 2829 1735 2880 sein.
1781 2828 1888 2879 Auf
1906 2829 2147 2879 welcheln
2167 2828 2331 2893 Wege
2358 2831 2616 2893 (eir-cuitu)

1606 2896 1792 2947 Furius
1819 2913 1881 2948 zu
1907 2898 2005 2947 ihm
2028 2897 2232 2962 gelangt
2255 2898 2336 2964 ist,
2363 2898 2496 2948 liisst
2510 2898 2618 2948 'sicli

1608 2964 1745 3015 nieht
1790 2965 2078 3027 erkenneng
2136 2966 2261 3016 doeh
2309 2968 2485 3016 stc-ben
2543 2967 2618 3016 sie

1609 3034 1731 3084 nach
1759 3034 1869 3084 dem
1892 3033 2037 3096 Folg.
2066 3034 2260 3084 siidlicb
2282 3050 2398 3086 vom
2421 3034 2512 3084 Pe.

1677 3100 1710 3150 3
1718 3102 1847 3153 -4.
1882 3101 2157 3168 Felsinam,
2183 3104 2275 3152 der
2299 3103 2615 3153 etruskiscbe

1608 3168 1764 3221 Name
1787 3170 1873 3221 fiir
1893 3170 2131 3234 Bononia,
2157 3186 2199 3220 s.
2226 3169 2310 3233 37,
2335 3171 2429 3233 57,
2457 3170 2540 3235 39,
2566 3170 2615 3232 2,

1606 3254 1669 3289 an
1685 3240 1781 3289 der
1796 3238 2172 3303 Siidostgrenze
2187 3240 2281 3289 der
2299 3239 2462 3306 Beier,
2479 3240 2618 3289 viil:-

1608 3307 1732 3357 rend
1755 3323 1867 3358 man
1892 3308 1964 3357 sie
1994 3309 2119 3358 nael:
2338 3308 2410 3358 ad
2439 3307 2617 3358 weiter

1608 3375 1673 3426 im
1708 3373 1921 3426 Inneren
1952 3376 2043 3426 des
2074 3375 2314 3427 Gebietes
2348 3376 2617 3426 det-selben

1609 3445 1795 3494 cuchen
1849 3444 2054 3495 miisste.
2100 3472 2170 3485 ——-
2215 3448 2460 3511 ceter-aq„
2517 3444 2618 3495 uad

1607 3513 1916 3575 ausser-dem,
1941 3528 1984 3562 s.
2009 3511 2099 3575 32,
2129 3511 2217 3573 18,
2246 3512 2294 3563 9.
2319 3538 2389 3551 --
2406 3517 2619 3581 praeter

1607 3582 1735 3698 1212:
1761 3580 2274 3713 araxases*
2290 3580 2618 3700 522‘a*⁶l·

1607 3715 1843 3768 ffirohtet.
1868 3745 1936 3756 --
1956 3720 2011 3768 m
2034 3685 2200 3782 aaa}
2226 3664 2338 3767 εἷς.
2368 3716 2448 3778 ιτ,
2478 3686 2558 3766 ιε’-ι.
2602 3687 2616 3711 ’

1678 3784 1845 3835 5—·-6.
1877 3788 1934 3836 in
1956 3784 2100 3852 Ligu,
2131 3785 2314 3836 weiter
2339 3786 2464 3836 nael!
2492 3784 2619 3835 We·

1611 3860 1723 3903 sten
1748 3854 1846 3904 wie
1872 3853 1953 3916 32,
1980 3853 2039 3905 31
2056 3891 2071 3915 ‚
2096 3852 2174 3904 4r.
2200 3880 2266 3893 --
2292 3859 2528 3907 eoactum
2549 3876 2619 3896 =-

1611 3958 1643 4040 ,1,
1641 3922 1881 4040 8denguntis
1911 3922 2171 4041 Ἆνάἰιιίῑέιὲε
2203 3922 2502 4039 inzcediens‘ss
2537 3920 2617 3987 38,

1685 4027 1699 4053 ,
1792 4026 1806 4052 ,
1854 4006 1916 4040 an
1952 4005 2036 4040 ers
2162 4029 2175 4053 ‚
2372 4008 2385 4039 ι
2432 4004 2490 4040 eo
2532 4002 2620 4040 ere

1608 4074 1810 4122 agmen.
1856 4058 1955 4109 Das
1973 4057 2156 4109 Partic.
2178 4028 2374 4109 entb‘a‘lt
2391 4006 2617 4109 nurffiiue
