2861 4550
307 397 351 427 ι.
371 385 454 428 ch.
475 387 570 428 200.
951 371 1145 425 LIBER
1179 370 1373 424 xxxi.
1427 371 1570 424 CAP.
1595 369 1679 424 33.
1704 370 1788 424 34.
1845 427 1850 433 ,
2336 373 2416 437 63

305 526 462 605 gatto
492 526 781 606 <ipsorum
828 542 1231 608 equorumque
1277 527 1494 589 incerta
1537 526 1777 588 victoria
1821 524 2053 589 diremit
2100 526 2413 605 proelium.

302 611 688 675 Macedonum
718 610 1098 692 quadraginta
1120 613 1366 693 equites,
1396 612 1803 675 Romanorum
1827 611 2084 692 quinque
2103 620 2166 673 et
2182 611 2417 691 triginta
2461 627 2523 678 10

306 697 651 761 ceciderunt.
708 715 897 778 neque
931 716 1003 759 eo
1041 698 1224 777 magis
1252 697 1537 777 explorati
1567 697 1906 777 quicquam,
1944 697 2005 758 in
2034 716 2148 777 qua
2177 698 2417 776 regione

307 789 497 845 castra
524 783 788 847 hostium
817 790 1034 858 essent,
1062 791 1162 845 aut
1187 783 1265 844 illi
1292 783 1364 844 ad
1387 801 1585 862 regem
1608 791 1706 843 aut
1727 782 1789 844 hi
1811 783 1888 844 ad
1907 782 2208 844 consulem
2230 790 2415 845 rettu-

304 867 512 930 lerunt.
567 887 675 948 per
702 871 1036 949 transfugas
1067 868 1368 948 cognitum
1398 876 1508 941 est,
1536 886 1688 948 quos
1716 867 1915 930 levitas
1943 869 2311 949 ingeniorum
2341 868 2414 930 ad
2460 876 2517 927 11

304 953 748 1031 cognoscendas
778 954 1040 1016 hostium
1068 973 1167 1018 res
1196 953 1258 1016 in
1284 953 1566 1015 omuibus
1594 954 1758 1015 bellis
1785 954 2044 1033 praebet.

473 1034 780 1119 Philippus
819 1039 1034 1121 aliquid
1068 1048 1130 1102 et
1164 1040 1236 1105 ad
1276 1039 1571 1101 caritatem
1610 1057 1856 1101 suorum
1895 1047 1952 1101 et
1987 1047 2054 1102 ut
2082 1039 2412 1119 promptius
2439 1043 2522 1106 84

304 1142 415 1204 pro
445 1143 517 1186 eo
547 1125 872 1204 periculum
898 1125 1125 1187 adirent
1151 1135 1311 1186 ratus
1340 1126 1741 1204 profecturum
1772 1144 1866 1200 se,
1902 1124 1952 1185 si
1982 1125 2270 1204 equitum,
2312 1124 2411 1204 qui
2454 1135 2487 1186 2

306 1209 631 1271 ceciderant
649 1211 711 1271 in
732 1210 1120 1292 expeditione,
1150 1209 1621 1289 sepeliendorum
1645 1229 1844 1272 curam
1869 1210 2183 1284 habuisset,
2203 1209 2414 1271 adferri

304 1314 407 1355 eos
445 1295 510 1357 in
548 1304 735 1358 castra
770 1297 961 1370 iussit,
994 1306 1057 1358 ut
1085 1296 1525 1376 conspiceretur
1551 1296 1623 1358 ab
1654 1294 1928 1357 omnibus
1955 1296 2173 1358 funeris
2196 1297 2411 1357 honos.

301 1379 446 1441 nihil
482 1387 603 1443 tam
632 1381 922 1445 incertum
948 1389 1208 1444 nectam
1237 1379 1654 1445 inaestimabile
1682 1388 1772 1441 est
1801 1398 1974 1460 quam
2005 1380 2182 1442 animi
2212 1380 2413 1445 multi·
2456 1392 2485 1442 3

299 1465 543 1529 tudinis.
595 1468 754 1546 quod
785 1467 1182 1547 promptiores
1212 1467 1285 1528 ad
1315 1467 1680 1529 subeundam
1709 1484 1952 1527 omnem
1979 1466 2412 1535 dimicationem

300 1550 601 1615 videbatur
643 1554 961 1625 facturum,
1010 1553 1068 1615 id
1116 1561 1334 1615 metum
1373 1551 1782 1631 pigritiamque
1816 1550 2090 1612 incussit:
2137 1570 2275 1613 nam
2314 1552 2412 1632 qui
2454 1554 2488 1602 4

300 1636 488 1698 hastis
512 1638 852 1718 sagittisque
873 1646 931 1699 et
950 1657 1079 1700 rara
1101 1637 1315 1699 lanceis
1340 1637 1490 1698 facta
1509 1637 1747 1698 vulnera
1769 1635 2052 1697 vidissent
2073 1655 2207 1697 cum
2230 1636 2410 1697 Grae-

304 1722 387 1783 cis
415 1722 739 1803 Illyriisque
767 1742 1026 1803 pugnare
1056 1722 1307 1797 adsueti,
1340 1729 1655 1802 postquam
1687 1721 1877 1800 gladio
1908 1720 2279 1801 Hispaniensi
2308 1721 2412 1781 de-

304 1814 563 1871 truncata
602 1827 853 1888 corpora
881 1808 1165 1871 bracchiis
1197 1828 1331 1870 cum
1360 1809 1609 1869 humero
1640 1805 1885 1868 abscisis
1917 1813 2016 1867 aut
2042 1814 2163 1867 tota
2193 1806 2413 1868 cervice

305 1891 533 1955 desecta
571 1893 752 1956 divisa
790 1914 825 1956 a
854 1913 1101 1974 corpore
1132 1894 1320 1974 capita
1349 1892 1716 1973 patentiaque
1743 1891 1962 1954 viscera
1992 1899 2051 1953 et
2077 1892 2412 1955 foeditatem

299 1977 467 2039 aliam
507 1979 810 2041 vulnerum
849 1980 1144 2052 viderunt,
1188 1980 1464 2041 adversus
1496 1996 1644 2058 quae
1671 1978 1781 2039 tela
1811 1995 2076 2058 quosque
2106 1976 2265 2038 viros
2294 1996 2412 2056 pu-
2452 1991 2482 2041 5

297 2062 593 2142 'gnandum
620 2067 786 2139 foret,
810 2065 1000 2146 pavidi
1020 2065 1190 2145 vulgo
1215 2064 1545 2126 cernebant.
1590 2063 1786 2142 ipsum
1813 2081 2048 2144 quoque
2069 2080 2265 2141 regem
2289 2071 2410 2124 ter-

296 2166 399 2209 ror
437 2150 589 2229 cepit
616 2152 883 2213 nondum
914 2152 1070 2213 iusto
1102 2149 1326 2231 proelio
1358 2167 1493 2211 cum
1523 2147 1808 2210 Romanis
1838 2166 2239 2229 congressum.
2298 2147 2409 2209 ita-
2451 2147 2483 2197 6

297 2318 647 2384 Bezeichnung
679 2322 768 2371 des
794 2320 1166 2385 Gegensatzes:
1193 2336 1303 2384 nur,
1411 2320 1668 2369 schwerer
1688 2319 1766 2369 als
1791 2320 1870 2371 die
1890 2320 2079 2384 hastae,
2105 2319 2331 2383 obgleich
2353 2334 2412 2369 er

298 2388 442 2437 oder:
478 2396 589 2438 erst
611 2390 764 2438 durch
791 2405 842 2438 u.
867 2405 909 2439 s.
935 2405 999 2439 w.
1021 2415 1089 2423 —
1112 2388 1300 2452 temtus,
1411 2388 1549 2437 diese
1577 2388 1656 2437 bei
1683 2389 1777 2438 den
1806 2387 2177 2453 Fussg'aingern,
2201 2404 2243 2437 s,
2264 2404 2306 2437 c.
2328 2386 2407 2452 39,

297 2453 702 2521 Bewegliohkeit,
727 2453 1115 2523 Inconseqnenz‚
1142 2456 1221 2505 die
1245 2471 1302 2505 es
1414 2453 1479 2506 10
1506 2455 1819 2522 praelongae
1851 2463 2026 2521 neunt,
2068 2456 2170 2519 vgl.
2207 2454 2290 2521 28,
2327 2454 2408 2522 45,

296 2521 415 2571 bald
447 2523 539 2572 mit
568 2524 679 2572 dem
706 2524 889 2588 Εἰιιου,
923 2523 1038 2573 bald
1070 2522 1160 2574 mit
1192 2523 1302 2574 dem
1414 2522 1492 2573 16.
1517 2551 1585 2560 —
1606 2540 1734 2575 rara
1757 2540 1799 2574 s.
1825 2523 1915 2587 34,
1941 2522 2026 2590 39,
2063 2525 2112 2574 4.
2137 2552 2204 2560 —
2226 2524 2409 2592 Hispa-

296 2589 534 2639 Auden-en
559 2590 679 2654 hisst,
703 2592 796 2641 der
812 2588 987 2641 Grund
1007 2592 1077 2641 ist
1094 2590 1304 2654 Subject
1405 2593 1576 2642 nicusi
1617 2592 1685 2642 ist
1717 2593 1828 2643 hier
1858 2593 1938 2642 eiu
1971 2592 2145 2656 langes
2180 2592 2412 2643 Schwert

294 2658 592 2719 geworden:
626 2659 721 2709 wie
745 2660 820 2708 sie
844 2659 946 2709 sich
978 2674 1069 2710 aus
1093 2686 1162 2696 —-
1186 2660 1300 2709 dar·
1408 2675 1521 2710 zum
1547 2660 1743 2721 Rauen,
1778 2661 1873 2711 wie
1898 2675 1953 2709 es
1976 2661 2057 2710 die
2084 2664 2210 2711 rom.
2237 2659 2412 2710 Reiter

294 2724 463 2776 bieten
489 2742 537 2777 u.
563 2742 605 2777 s.
633 2741 696 2777 w,
1408 2727 1632 2792 ffihrten,
1659 2743 1701 2777 s.
1726 2729 1871 2778 Dion.
1896 2728 2006 2778 Hal.
2032 2728 2088 2791 8,
2117 2729 2204 2777 67:
2241 2729 2410 2777 ἱππι-

364 2782 469 2844 84.
529 2794 692 2846 1—2.
727 2794 802 2847 ad
820 2810 925 2847 ear.
951 2812 1109 2862 tuor„
1136 2796 1184 2845 in
1206 2796 1301 2846 Be‘-
1407 2799 1531 2852 κοῖς
1576 2797 1767 2863 ξίφεσι.
1807 2798 2173 2866 μακροτέροις
2216 2790 2407 2856 odom,-

295 2877 393 2926 zug
425 2862 533 2912 auf:
574 2878 655 2912 um
689 2863 768 2914 die
801 2863 1098 2929 Zuneigung
1131 2865 1301 2915 seiner
1408 2869 1555 2913 sonst
1581 2870 1735 2913 neunt
1760 2863 1816 2915 L.
1851 2865 1939 2913 das
1973 2865 2065 2914 der
2088 2864 2411 2926 Fussgfinger

292 2928 471 2994 Lente,
494 2929 648 2982 Liebe
668 2931 833 2983 1101-
852 2949 916 2983 zu
933 2934 1211 2998 gewinnen.
1229 2960 1300 2971 —
1401 2932 1613 2997 gladius
1634 2931 1916 2997 Hispanus,
1952 2947 1992 2980 s.
2018 2930 2107 2997 22,
2142 2931 2229 2996 46,
2264 2932 2323 2992 53
2360 2931 2409 2995 7,

326 3013 385 3049 ro
410 3014 485 3062 co,
513 3015 555 3049 s.
577 3016 620 3050 c.
645 3000 723 3065 11,
748 3000 836 3063 12,
871 3001 972 3052 Cic.
994 3001 1144 3053 Verr.
1169 3001 1229 3067 2,
1256 3002 1298 3066 1,
1410 2999 1488 3062 10,
1521 3001 1570 3049 5.
1595 3027 1662 3035 —
1692 3013 1808 3052 eum
1830 2999 1992 3062 Imm,
2030 2999 2125 3048 wie
2162 2998 2227 3050 im
2258 2998 2406 3062 Folg.

325 3066 381 3131 4,
430 3065 517 3117 86:
570 3067 800 3119 Milesios
842 3084 1024 3120 navem
1066 3071 1301 3138 poposcit
1405 3082 1522 3118 eum
1567 3068 1760 3117 cervice
1799 3066 2033 3118 collectiv
2074 3083 2137 3117 zu
2178 3068 2404 3118 nahmen:

290 3133 349 3186 V
347 3147 515 3199 erres,
562 3152 690 3201 quae
729 3153 843 3189 eum
881 3142 1296 3207 prosequeretur.
1397 3134 1647 3199 jedesmal
1669 3135 1782 3198 mit,
1807 3135 1908 3198 vgl.
1934 3135 1986 3200 4,
2016 3135 2103 3199 12,
2130 3135 2178 3184 6.
2205 3136 2409 3190 desecta

285 3204 524 3319 grffsssstw
549 3206 710 3255 davon
736 3204 867 3255 kann
890 3207 1052 3257 sowol
1075 3206 1157 3268 ad,
1185 3220 1224 3256 8.
1251 3222 1295 3256 c.
1405 3204 1640 3256 nachdem
1666 3202 1881 3253 dadurch
1913 3203 2406 3255 ab=durcbschnit-

325 3270 380 3335 7,
415 3273 447 3321 5
470 3273 548 3322 als
579 3277 642 3324 at
663 3290 706 3323 c.
735 3272 828 3337 38,
862 3275 891 3323 5
925 3275 1203 3338 abbiingen.
1228 3301 1298 3311 -——
1403 3279 1487 3323 ten
1514 3287 1635 3338 war,
1658 3272 1822 3322 dieses
1843 3286 1948 3322 war
1966 3273 2054 3322 das
2073 3272 2405 3338 Wicbtigere.
2429 3279 2436 3286 '

273 3339 461 3403 saner.
490 3340 633 3405 Iton„
666 3356 709 3392 s.
735 3341 791 3406 3,
826 3341 908 3404 43,
945 3343 1002 3404 73
1040 3343 1146 3404 vgl.
1172 3340 1293 3393 Tac.
1402 3357 1473 3378 -ι-
1493 3340 1751 3406 fiderunt,
1784 3341 1893 3390 dem
1921 3342 2220 3404 vorbergeh.
2253 3341 2405 3391 vidis-

288 3406 421 3458 Anu.
450 3408 492 3471 1,
514 3409 599 3459 62.
1402 3413 1543 3459 seut.-
1583 3410 1819 3459 wiibrend
1864 3409 1936 3458 sie
1972 3409 2145 3459 immet·
2185 3411 2403 3473 geseben

357 3474 524 3526 3-4,
561 3480 845 3543 inaestim„
874 3493 982 3528 was
1015 3493 1126 3528 man
1160 3479 1298 3528 nicht
1402 3478 1598 3544 hatten,
1632 3476 1938 3543 gegeniiber,
1976 3477 2150 3527 sobald
2184 3478 2258 3527 sie
2289 3479 2404 3541 (da-

288 3543 442 3595 leicbt
497 3545 824 3606 abscbiitzen‚
888 3546 1126 3596 woriiber
1181 3562 1292 3598 man
1399 3546 1552 3606 mals)
1589 3547 1771 3605 saheu3
1819 3545 1908 3594 das
1943 3543 2064 3608 fulg.
2106 3547 2403 3596 cernebant.-

287 3611 423 3664 nieht
446 3612 600 3663 leicbt
623 3613 702 3662 ein
728 3613 949 3663 sicher-es
974 3613 1168 3665 Urtbeil
1194 3613 1293 3664 1111-
1401 3615 1555 3664 sahen
1581 3614 1655 3663 sie
1680 3611 1920 3679 deutlich,
1953 3612 2083 3663 klar.
2131 3614 2282 3680 vulgo
2313 3630 2402 3678 ge-

286 3677 368 3728 len
394 3679 540 3730 kann.
562 3707 632 3717 -—
651 3682 925 3749 pigritiam
960 3682 1028 3733 ist
1059 3697 1155 3731 nur
1186 3697 1293 3736 we·
1400 3682 1518 3730 hb‘rt
1542 3697 1605 3730 zu
1626 3679 1811 3748 pavidi.

288 3762 380 3809 gen
407 3747 500 3798 der
521 3747 847 3812 Verbindung
868 3750 959 3799 mit
980 3755 1175 3801 metum
1198 3749 1293 3800 wie
1468 3749 1635 3798 5—-7,
1674 3752 1845 3798 terror
1867 3748 2074 3813 andei-s,
2107 3751 2207 3800 und
2231 3751 2281 3799 in
2307 3750 2403 3799 Be-

288 3814 453 3867 dieses
497 3831 596 3867 von
642 3818 865 3868 incussit
904 3817 1151 3882 abbiiugig
1204 3833 1291 3882 ge·
1400 3831 1499 3880 zug
1516 3815 1607 3867 auf
1620 3815 1653 3882 ξ
1675 3816 1729 3866 7:
1753 3815 1823 3867 ad
1841 3817 2041 3867 hostem
2057 3819 2216 3899 pros„
2243 3818 2403 3867 wahr-

286 3885 463 3934 macht.
495 3912 561 3922 --
597 3884 764 3936 hastis
800 3892 898 3936 etc.
945 3885 1003 3937 L.
1038 3885 1196 3937 denkt
1228 3901 1291 3937 an
1398 3884 1732 3935 scheinlicber
1750 3884 1891 3935 Diod.
1913 3885 1948 3935 1.
1970 3885 2029 3935 l.:
2053 3904 2086 3936 o
2109 3886 2404 3941 Φίλιππος

286 3949 468 4002 leichte
504 3950 729 4003 Reiterei
770 3953 860 4004 mit
893 3953 1288 4021 Wurfspiessen,
1399 3948 1711 4019 συννοήσας
1786 3947 1887 4019 τὴν
1964 3947 2218 4021 ἀθυμίαν
2292 3952 2403 4004 τῶν

286 4034 325 4068 s.
350 4035 392 4070 c.
415 4018 495 4085 43,
518 4018 572 4085 2,
607 4020 688 4071 die
715 4020 920 4073 lancem
939 4026 1150 4088 grosser
1167 4024 1290 4074 oder
1391 4021 1748 4087 ,στρατιωτῶν
1770 4014 2003 4076 τούτους
2028 4015 2402 4091 παραθαρσύ-
