<?xml version="1.0" encoding="UTF-8"?>
<!DOCTYPE html PUBLIC "-//W3C//DTD XHTML 1.0 Transitional//EN"
    "http://www.w3.org/TR/xhtml1/DTD/xhtml1-transitional.dtd">
<html xmlns="http://www.w3.org/1999/xhtml" xml:lang="en" lang="en">
 <head>
  <title>
</title>
<meta http-equiv="Content-Type" content="text/html;charset=utf-8" />
  <meta name='ocr-system' content='tesseract 3.04.00' />
  <meta name='ocr-capabilities' content='ocr_page ocr_carea ocr_par ocr_line ocrx_word'/>
</head>
<body>
  <div class='ocr_page' id='page_1' title='image "./titiliviaburbec11livygoog_0220.png"; bbox 0 0 2861 4550; ppageno 0'>
   <div class='ocr_carea' id='block_1_1' title="bbox 1077 357 2603 414">
    <p class='ocr_par' dir='ltr' id='par_1_1' title="bbox 1077 357 2603 414">
     <span class='ocr_line' id='line_1_1' title="bbox 1077 357 2603 414; baseline 0.003 -6"><span class='ocrx_word' id='word_1_1' title='bbox 1077 357 1271 410; x_wconf 85' lang='lat' dir='ltr'>LIBER</span> <span class='ocrx_word' id='word_1_2' title='bbox 1304 358 1549 412; x_wconf 84' lang='lat' dir='ltr'>XXXIII.</span> <span class='ocrx_word' id='word_1_3' title='bbox 1604 359 1746 413; x_wconf 83' lang='lat' dir='ltr'>CAP.</span> <span class='ocrx_word' id='word_1_4' title='bbox 1770 358 1855 412; x_wconf 72' lang='lat'><strong>22‘.</strong></span> <span class='ocrx_word' id='word_1_5' title='bbox 1880 359 1963 411; x_wconf 88' lang='grc'><strong>23.</strong></span> <span class='ocrx_word' id='word_1_6' title='bbox 2363 383 2401 413; x_wconf 68' lang='lat' dir='ltr'><strong>a.</strong></span> <span class='ocrx_word' id='word_1_7' title='bbox 2421 383 2469 412; x_wconf 84' lang='lat' dir='ltr'><strong>u.</strong></span> <span class='ocrx_word' id='word_1_8' title='bbox 2492 372 2603 414; x_wconf 77' lang='lat'><strong>55⁷.</strong></span> 
     </span>
    </p>
   </div>
   <div class='ocr_carea' id='block_1_2' title="bbox 465 363 590 423">
    <p class='ocr_par' dir='ltr' id='par_1_2' title="bbox 465 363 590 423">
     <span class='ocr_line' id='line_1_2' title="bbox 465 363 590 423; baseline 0 0"><span class='ocrx_word' id='word_1_9' title='bbox 465 363 590 423; x_wconf 87' lang='grc'><strong>212</strong></span> 
     </span>
    </p>
   </div>
   <div class='ocr_carea' id='block_1_3' title="bbox 306 511 2600 2130">
    <p class='ocr_par' dir='ltr' id='par_1_3' title="bbox 392 511 2600 765">
     <span class='ocr_line' id='line_1_3' title="bbox 392 511 2600 594; baseline 0.001 -23"><span class='ocrx_word' id='word_1_10' title='bbox 392 522 423 571; x_wconf 84' lang='grc'><strong>6</strong></span> <span class='ocrx_word' id='word_1_11' title='bbox 466 516 676 577; x_wconf 79' lang='lat' dir='ltr'><strong>talibus</strong></span> <span class='ocrx_word' id='word_1_12' title='bbox 708 513 976 575; x_wconf 86' lang='lat' dir='ltr'><strong>habendo</strong></span> <span class='ocrx_word' id='word_1_13' title='bbox 1009 513 1260 576; x_wconf 87' lang='lat' dir='ltr'><strong>dubitari</strong></span> <span class='ocrx_word' id='word_1_14' title='bbox 1290 515 1498 594; x_wconf 86' lang='lat' dir='ltr'><strong>possit.</strong></span> <span class='ocrx_word' id='word_1_15' title='bbox 1545 533 1668 577; x_wconf 92' lang='lat' dir='ltr'><strong>non</strong></span> <span class='ocrx_word' id='word_1_16' title='bbox 1697 523 1891 576; x_wconf 88' lang='lat' dir='ltr'><strong>tamen</strong></span> <span class='ocrx_word' id='word_1_17' title='bbox 1919 532 2031 575; x_wconf 89' lang='lat' dir='ltr'><strong>nec</strong></span> <span class='ocrx_word' id='word_1_18' title='bbox 2057 513 2221 575; x_wconf 89' lang='lat' dir='ltr'><strong>illum</strong></span> <span class='ocrx_word' id='word_1_19' title='bbox 2243 511 2600 592; x_wconf 62' lang='lat' dir='ltr'><strong>nec&#39;quem-</strong></span> 
     </span>
     <span class='ocr_line' id='line_1_4' title="bbox 467 599 2595 680; baseline -0.001 -19"><span class='ocrx_word' id='word_1_20' title='bbox 467 620 642 680; x_wconf 89' lang='lat' dir='ltr'><strong>quam</strong></span> <span class='ocrx_word' id='word_1_21' title='bbox 674 600 847 661; x_wconf 86' lang='lat' dir='ltr'><strong>alium</strong></span> <span class='ocrx_word' id='word_1_22' title='bbox 880 599 1061 660; x_wconf 90' lang='lat' dir='ltr'><strong>civem</strong></span> <span class='ocrx_word' id='word_1_23' title='bbox 1093 607 1318 662; x_wconf 87' lang='lat' dir='ltr'><strong>tantum</strong></span> <span class='ocrx_word' id='word_1_24' title='bbox 1353 601 1535 679; x_wconf 85' lang='lat' dir='ltr'><strong>gratia</strong></span> <span class='ocrx_word' id='word_1_25' title='bbox 1568 610 1737 679; x_wconf 87' lang='lat' dir='ltr'><strong>atque</strong></span> <span class='ocrx_word' id='word_1_26' title='bbox 1769 599 1980 679; x_wconf 89' lang='lat' dir='ltr'><strong>opibus</strong></span> <span class='ocrx_word' id='word_1_27' title='bbox 2014 600 2293 669; x_wconf 89' lang='lat' dir='ltr'><strong>valuisse,</strong></span> <span class='ocrx_word' id='word_1_28' title='bbox 2323 608 2416 672; x_wconf 90' lang='lat' dir='ltr'><strong>ut,</strong></span> <span class='ocrx_word' id='word_1_29' title='bbox 2450 618 2595 659; x_wconf 88' lang='lat' dir='ltr'><strong>cum</strong></span> 
     </span>
     <span class='ocr_line' id='line_1_5' title="bbox 468 683 2596 765; baseline -0.001 -19"><span class='ocrx_word' id='word_1_30' title='bbox 468 685 577 748; x_wconf 79' lang='lat' dir='ltr'><strong>sibi</strong></span> <span class='ocrx_word' id='word_1_31' title='bbox 607 685 884 746; x_wconf 88' lang='lat' dir='ltr'><strong>meritum</strong></span> <span class='ocrx_word' id='word_1_32' title='bbox 915 683 1280 764; x_wconf 89' lang='lat' dir='ltr'><strong>triumphum</strong></span> <span class='ocrx_word' id='word_1_33' title='bbox 1313 686 1693 765; x_wconf 78' lang='lat' dir='ltr'>inpetrasset,</span> <span class='ocrx_word' id='word_1_34' title='bbox 1733 686 1985 763; x_wconf 81' lang='lat' dir='ltr'><strong>collegae</strong></span> <span class='ocrx_word' id='word_1_35' title='bbox 2009 686 2260 748; x_wconf 89' lang='lat' dir='ltr'><strong>eundem</strong></span> <span class='ocrx_word' id='word_1_36' title='bbox 2292 686 2596 746; x_wconf 87' lang='lat' dir='ltr'><strong>honorem</strong></span> 
     </span>
    </p>

    <p class='ocr_par' dir='ltr' id='par_1_4' title="bbox 392 770 2595 936">
     <span class='ocr_line' id='line_1_6' title="bbox 392 770 2595 850; baseline 0.001 -23"><span class='ocrx_word' id='word_1_37' title='bbox 392 780 421 827; x_wconf 87' lang='lat'><strong>7</strong></span> <span class='ocrx_word' id='word_1_38' title='bbox 463 772 797 835; x_wconf 84' lang='lat' dir='ltr'><strong>inmeritum</strong></span> <span class='ocrx_word' id='word_1_39' title='bbox 840 771 1189 850; x_wconf 86' lang='lat' dir='ltr'><strong>inpudenter</strong></span> <span class='ocrx_word' id='word_1_40' title='bbox 1225 771 1444 850; x_wconf 83' lang='lat' dir='ltr'><strong>petenti</strong></span> <span class='ocrx_word' id='word_1_41' title='bbox 1486 772 1663 834; x_wconf 88' lang='lat' dir='ltr'><strong>daret.</strong></span> <span class='ocrx_word' id='word_1_42' title='bbox 1726 772 1799 844; x_wconf 86' lang='lat' dir='ltr'><strong>Q.</strong></span> <span class='ocrx_word' id='word_1_43' title='bbox 1828 771 2143 832; x_wconf 86' lang='lat' dir='ltr'><strong>Minucium</strong></span> <span class='ocrx_word' id='word_1_44' title='bbox 2186 771 2246 832; x_wconf 90' lang='lat' dir='ltr'><strong>in</strong></span> <span class='ocrx_word' id='word_1_45' title='bbox 2276 770 2595 849; x_wconf 80' lang='lat' dir='ltr'>Liguribus</span> 
     </span>
     <span class='ocr_line' id='line_1_7' title="bbox 463 855 2594 936; baseline -0.001 -18"><span class='ocrx_word' id='word_1_46' title='bbox 463 857 605 931; x_wconf 89' lang='lat' dir='ltr'><strong>levia</strong></span> <span class='ocrx_word' id='word_1_47' title='bbox 635 856 872 936; x_wconf 88' lang='lat' dir='ltr'><strong>proelia,</strong></span> <span class='ocrx_word' id='word_1_48' title='bbox 903 857 994 916; x_wconf 82' lang='lat' dir='ltr'><strong>vix</strong></span> <span class='ocrx_word' id='word_1_49' title='bbox 1019 856 1188 934; x_wconf 86' lang='lat' dir='ltr'><strong>digna</strong></span> <span class='ocrx_word' id='word_1_50' title='bbox 1214 857 1390 930; x_wconf 89' lang='lat' dir='ltr'><strong>dictu,</strong></span> <span class='ocrx_word' id='word_1_51' title='bbox 1423 858 1649 931; x_wconf 83' lang='lat' dir='ltr'><strong>fecisse,</strong></span> <span class='ocrx_word' id='word_1_52' title='bbox 1680 857 1741 917; x_wconf 90' lang='lat' dir='ltr'><strong>in</strong></span> <span class='ocrx_word' id='word_1_53' title='bbox 1767 855 1942 917; x_wconf 85' lang='lat' dir='ltr'><strong>Gallia</strong></span> <span class='ocrx_word' id='word_1_54' title='bbox 1967 874 2245 934; x_wconf 84' lang='lat' dir='ltr'><strong>magnum</strong></span> <span class='ocrx_word' id='word_1_55' title='bbox 2268 874 2594 917; x_wconf 86' lang='lat' dir='ltr'><strong>numerum</strong></span> 
     </span>
    </p>

    <p class='ocr_par' dir='ltr' id='par_1_5' title="bbox 391 940 2595 1108">
     <span class='ocr_line' id='line_1_8' title="bbox 391 940 2595 1016; baseline -0.001 -13"><span class='ocrx_word' id='word_1_56' title='bbox 391 945 421 995; x_wconf 88' lang='lat'>8</span> <span class='ocrx_word' id='word_1_57' title='bbox 463 943 710 1003; x_wconf 89' lang='lat' dir='ltr'><strong>militum</strong></span> <span class='ocrx_word' id='word_1_58' title='bbox 744 942 1040 1016; x_wconf 66' lang='lat' dir='ltr'><strong>amisisse,</strong></span> <span class='ocrx_word' id='word_1_59' title='bbox 1069 942 1455 1004; x_wconf 80' lang='lat' dir='ltr'><strong>nominabant</strong></span> <span class='ocrx_word' id='word_1_60' title='bbox 1483 943 1652 1005; x_wconf 87' lang='lat' dir='ltr'><strong>etiam</strong></span> <span class='ocrx_word' id='word_1_61' title='bbox 1686 942 1956 1003; x_wconf 88' lang='lat' dir='ltr'><strong>tribunos</strong></span> <span class='ocrx_word' id='word_1_62' title='bbox 1987 942 2252 1015; x_wconf 90' lang='lat' dir='ltr'><strong>militum,</strong></span> <span class='ocrx_word' id='word_1_63' title='bbox 2284 942 2350 1001; x_wconf 89' lang='lat' dir='ltr'><strong>T.</strong></span> <span class='ocrx_word' id='word_1_64' title='bbox 2374 940 2595 1002; x_wconf 83' lang='lat' dir='ltr'><strong>Iuven—</strong></span> 
     </span>
     <span class='ocr_line' id='line_1_9' title="bbox 462 1026 2593 1108; baseline -0.001 -19"><span class='ocrx_word' id='word_1_65' title='bbox 462 1029 607 1089; x_wconf 88' lang='lat' dir='ltr'><strong>tium</strong></span> <span class='ocrx_word' id='word_1_66' title='bbox 639 1028 739 1090; x_wconf 89' lang='lat' dir='ltr'><strong>Cn.</strong></span> <span class='ocrx_word' id='word_1_67' title='bbox 770 1026 1069 1105; x_wconf 88' lang='lat' dir='ltr'><strong>Ligurium</strong></span> <span class='ocrx_word' id='word_1_68' title='bbox 1107 1027 1355 1106; x_wconf 80' lang='lat' dir='ltr'><strong>legionis</strong></span> <span class='ocrx_word' id='word_1_69' title='bbox 1390 1040 1656 1107; x_wconf 79' lang='lat' dir='ltr'><strong>quartae,</strong></span> <span class='ocrx_word' id='word_1_70' title='bbox 1697 1028 1938 1090; x_wconf 82' lang='lat' dir='ltr'><strong>adversa</strong></span> <span class='ocrx_word' id='word_1_71' title='bbox 1975 1046 2171 1108; x_wconf 85' lang='lat' dir='ltr'><strong>pugna</strong></span> <span class='ocrx_word' id='word_1_72' title='bbox 2209 1045 2343 1088; x_wconf 86' lang='lat' dir='ltr'><strong>cum</strong></span> <span class='ocrx_word' id='word_1_73' title='bbox 2383 1026 2593 1087; x_wconf 88' lang='lat' dir='ltr'><strong>multis</strong></span> 
     </span>
    </p>

    <p class='ocr_par' dir='ltr' id='par_1_6' title="bbox 388 1111 2592 1279">
     <span class='ocr_line' id='line_1_10' title="bbox 388 1111 2589 1192; baseline -0.001 -17"><span class='ocrx_word' id='word_1_74' title='bbox 388 1119 418 1167; x_wconf 84' lang='lat'>9</span> <span class='ocrx_word' id='word_1_75' title='bbox 462 1114 584 1175; x_wconf 90' lang='lat' dir='ltr'><strong>aliis</strong></span> <span class='ocrx_word' id='word_1_76' title='bbox 644 1113 780 1174; x_wconf 82' lang='lat' dir='ltr'><strong>viris</strong></span> <span class='ocrx_word' id='word_1_77' title='bbox 840 1113 1121 1186; x_wconf 82' lang='lat' dir='ltr'><strong>fortibuS‚</strong></span> <span class='ocrx_word' id='word_1_78' title='bbox 1181 1113 1398 1174; x_wconf 89' lang='lat' dir='ltr'><strong>civibus</strong></span> <span class='ocrx_word' id='word_1_79' title='bbox 1442 1133 1527 1175; x_wconf 85' lang='lat' dir='ltr'><strong>ac</strong></span> <span class='ocrx_word' id='word_1_80' title='bbox 1582 1113 1783 1186; x_wconf 79' lang='lat' dir='ltr'><strong>sociiS,</strong></span> <span class='ocrx_word' id='word_1_81' title='bbox 1844 1113 2143 1174; x_wconf 87' lang='lat' dir='ltr'><strong>cecidisse.</strong></span> <span class='ocrx_word' id='word_1_82' title='bbox 2201 1111 2589 1192; x_wconf 81' lang='lat' dir='ltr'><strong>oppidorum</strong></span> 
     </span>
     <span class='ocr_line' id='line_1_11' title="bbox 461 1196 2592 1279; baseline -0.002 -18"><span class='ocrx_word' id='word_1_83' title='bbox 461 1217 785 1279; x_wconf 90' lang='lat' dir='ltr'><strong>paucorum</strong></span> <span class='ocrx_word' id='word_1_84' title='bbox 818 1217 887 1259; x_wconf 90' lang='lat' dir='ltr'><strong>ac</strong></span> <span class='ocrx_word' id='word_1_85' title='bbox 916 1198 1174 1258; x_wconf 88' lang='lat' dir='ltr'><strong>vicorum</strong></span> <span class='ocrx_word' id='word_1_86' title='bbox 1203 1200 1380 1260; x_wconf 88' lang='lat' dir='ltr'><strong>falsas</strong></span> <span class='ocrx_word' id='word_1_87' title='bbox 1414 1206 1474 1260; x_wconf 93' lang='lat' dir='ltr'><strong>et</strong></span> <span class='ocrx_word' id='word_1_88' title='bbox 1501 1198 1562 1259; x_wconf 89' lang='lat' dir='ltr'><strong>in</strong></span> <span class='ocrx_word' id='word_1_89' title='bbox 1592 1208 1825 1278; x_wconf 86' lang='lat' dir='ltr'><strong>tempus</strong></span> <span class='ocrx_word' id='word_1_90' title='bbox 1857 1196 2153 1260; x_wconf 81' lang='lat' dir='ltr'><strong>simulatas</strong></span> <span class='ocrx_word' id='word_1_91' title='bbox 2186 1198 2316 1259; x_wconf 91' lang='lat' dir='ltr'><strong>sine</strong></span> <span class='ocrx_word' id='word_1_92' title='bbox 2344 1197 2461 1258; x_wconf 87' lang='lat' dir='ltr'><strong>ullo</strong></span> <span class='ocrx_word' id='word_1_93' title='bbox 2491 1199 2592 1278; x_wconf 90' lang='lat' dir='ltr'><strong>pi-</strong></span> 
     </span>
    </p>

    <p class='ocr_par' dir='ltr' id='par_1_7' title="bbox 306 1283 2592 2130">
     <span class='ocr_line' id='line_1_12' title="bbox 361 1283 2592 1362; baseline -0.001 -17"><span class='ocrx_word' id='word_1_94' title='bbox 361 1287 419 1334; x_wconf 85' lang='lat'><strong>10</strong></span> <span class='ocrx_word' id='word_1_95' title='bbox 464 1303 647 1362; x_wconf 88' lang='lat' dir='ltr'><strong>gnore</strong></span> <span class='ocrx_word' id='word_1_96' title='bbox 693 1283 1016 1345; x_wconf 85' lang='lat' dir='ltr'><strong>deditiones</strong></span> <span class='ocrx_word' id='word_1_97' title='bbox 1065 1285 1240 1345; x_wconf 84' lang='lat' dir='ltr'><strong>factas</strong></span> <span class='ocrx_word' id='word_1_98' title='bbox 1289 1303 1436 1345; x_wconf 89' lang='lat' dir='ltr'><strong>esse.</strong></span> <span class='ocrx_word' id='word_1_99' title='bbox 1517 1285 1625 1345; x_wconf 87' lang='lat' dir='ltr'><strong>hae</strong></span> <span class='ocrx_word' id='word_1_100' title='bbox 1671 1285 1823 1345; x_wconf 86' lang='lat' dir='ltr'><strong>inter</strong></span> <span class='ocrx_word' id='word_1_101' title='bbox 1873 1284 2144 1345; x_wconf 90' lang='lat' dir='ltr'><strong>consules</strong></span> <span class='ocrx_word' id='word_1_102' title='bbox 2199 1283 2592 1362; x_wconf 82' lang='lat' dir='ltr'><strong>tribunosque</strong></span> 
     </span>
     <span class='ocr_line' id='line_1_13' title="bbox 463 1368 2589 1449; baseline -0.001 -20"><span class='ocrx_word' id='word_1_103' title='bbox 463 1370 863 1430; x_wconf 89' lang='lat' dir='ltr'><strong>altercationes</strong></span> <span class='ocrx_word' id='word_1_104' title='bbox 901 1369 1145 1430; x_wconf 87' lang='lat' dir='ltr'><strong>biduum</strong></span> <span class='ocrx_word' id='word_1_105' title='bbox 1182 1377 1524 1443; x_wconf 87' lang='lat' dir='ltr'><strong>tenuerunt,</strong></span> <span class='ocrx_word' id='word_1_106' title='bbox 1563 1370 1812 1449; x_wconf 87' lang='lat' dir='ltr'><strong>victique</strong></span> <span class='ocrx_word' id='word_1_107' title='bbox 1853 1370 2280 1449; x_wconf 82' lang='lat' dir='ltr'><strong>perseverantia</strong></span> <span class='ocrx_word' id='word_1_108' title='bbox 2312 1368 2589 1430; x_wconf 86' lang='lat' dir='ltr'><strong>tribuno-</strong></span> 
     </span>
     <span class='ocr_line' id='line_1_14' title="bbox 345 1450 2588 1535; baseline 0.001 -25"><span class='ocrx_word' id='word_1_109' title='bbox 345 1450 427 1510; x_wconf 57' lang='lat'><strong>⁹23</strong></span> <span class='ocrx_word' id='word_1_110' title='bbox 465 1474 598 1516; x_wconf 88' lang='lat' dir='ltr'><strong>rum</strong></span> <span class='ocrx_word' id='word_1_111' title='bbox 639 1456 910 1516; x_wconf 89' lang='lat' dir='ltr'><strong>consules</strong></span> <span class='ocrx_word' id='word_1_112' title='bbox 951 1455 1262 1535; x_wconf 87' lang='lat' dir='ltr'><strong>separatim</strong></span> <span class='ocrx_word' id='word_1_113' title='bbox 1302 1456 1667 1516; x_wconf 88' lang='lat' dir='ltr'><strong>rettulerunt.</strong></span> <span class='ocrx_word' id='word_1_114' title='bbox 1730 1454 1790 1515; x_wconf 91' lang='lat' dir='ltr'><strong>C.</strong></span> <span class='ocrx_word' id='word_1_115' title='bbox 1823 1455 2091 1516; x_wconf 89' lang='lat' dir='ltr'><strong>Cornelio</strong></span> <span class='ocrx_word' id='word_1_116' title='bbox 2134 1455 2398 1516; x_wconf 85' lang='lat' dir='ltr'><strong>omnium</strong></span> <span class='ocrx_word' id='word_1_117' title='bbox 2437 1472 2588 1515; x_wconf 85' lang='lat' dir='ltr'><strong>con-</strong></span> 
     </span>
     <span class='ocr_line' id='line_1_15' title="bbox 466 1539 2586 1620; baseline -0.001 -19"><span class='ocrx_word' id='word_1_118' title='bbox 466 1558 647 1601; x_wconf 90' lang='lat' dir='ltr'><strong>sensu</strong></span> <span class='ocrx_word' id='word_1_119' title='bbox 685 1541 952 1601; x_wconf 86' lang='lat' dir='ltr'><strong>decretus</strong></span> <span class='ocrx_word' id='word_1_120' title='bbox 992 1541 1346 1620; x_wconf 74' lang='lat' dir='ltr'><strong>triumphus,</strong></span> <span class='ocrx_word' id='word_1_121' title='bbox 1408 1549 1466 1601; x_wconf 90' lang='lat' dir='ltr'><strong>et</strong></span> <span class='ocrx_word' id='word_1_122' title='bbox 1493 1541 1808 1603; x_wconf 80' lang='lat' dir='ltr'><strong>Placentini</strong></span> <span class='ocrx_word' id='word_1_123' title='bbox 1833 1541 2383 1619; x_wconf 81' lang='lat' dir='ltr'><strong>Cremonensesque</strong></span> <span class='ocrx_word' id='word_1_124' title='bbox 2418 1539 2586 1600; x_wconf 86' lang='lat' dir='ltr'><strong>addi—</strong></span> 
     </span>
     <span class='ocr_line' id='line_1_16' title="bbox 466 1624 2585 1705; baseline -0.001 -19"><span class='ocrx_word' id='word_1_125' title='bbox 466 1627 676 1687; x_wconf 89' lang='lat' dir='ltr'><strong>derunt</strong></span> <span class='ocrx_word' id='word_1_126' title='bbox 713 1628 973 1687; x_wconf 85' lang='lat' dir='ltr'><strong>favorem</strong></span> <span class='ocrx_word' id='word_1_127' title='bbox 1013 1627 1243 1687; x_wconf 91' lang='lat' dir='ltr'><strong>consuli</strong></span> <span class='ocrx_word' id='word_1_128' title='bbox 1282 1627 1494 1705; x_wconf 85' lang='lat' dir='ltr'><strong>gratias</strong></span> <span class='ocrx_word' id='word_1_129' title='bbox 1524 1634 1759 1703; x_wconf 88' lang='lat' dir='ltr'><strong>agentes</strong></span> <span class='ocrx_word' id='word_1_130' title='bbox 1792 1633 2442 1703; x_wconf 83' lang='lat' dir='ltr'><strong>commemorantesque</strong></span> <span class='ocrx_word' id='word_1_131' title='bbox 2472 1624 2585 1684; x_wconf 89' lang='lat' dir='ltr'><strong>ob-</strong></span> 
     </span>
     <span class='ocr_line' id='line_1_17' title="bbox 391 1709 2584 1792; baseline 0.001 -25"><span class='ocrx_word' id='word_1_132' title='bbox 391 1718 418 1767; x_wconf 92' lang='lat'><strong>2</strong></span> <span class='ocrx_word' id='word_1_133' title='bbox 463 1712 691 1772; x_wconf 90' lang='lat' dir='ltr'><strong>sidione</strong></span> <span class='ocrx_word' id='word_1_134' title='bbox 730 1709 861 1773; x_wconf 86' lang='lat' dir='ltr'><strong>sese</strong></span> <span class='ocrx_word' id='word_1_135' title='bbox 899 1711 969 1771; x_wconf 85' lang='lat' dir='ltr'><strong>ab</strong></span> <span class='ocrx_word' id='word_1_136' title='bbox 1008 1731 1079 1772; x_wconf 90' lang='lat' dir='ltr'><strong>eo</strong></span> <span class='ocrx_word' id='word_1_137' title='bbox 1123 1711 1432 1792; x_wconf 80' lang='lat' dir='ltr'><strong>liberatoS‚</strong></span> <span class='ocrx_word' id='word_1_138' title='bbox 1476 1712 1734 1790; x_wconf 87' lang='lat' dir='ltr'><strong>plerique</strong></span> <span class='ocrx_word' id='word_1_139' title='bbox 1775 1711 1973 1784; x_wconf 85' lang='lat' dir='ltr'><strong>etiam,</strong></span> <span class='ocrx_word' id='word_1_140' title='bbox 2023 1730 2152 1772; x_wconf 89' lang='lat' dir='ltr'><strong>cum</strong></span> <span class='ocrx_word' id='word_1_141' title='bbox 2196 1721 2339 1789; x_wconf 85' lang='lat' dir='ltr'><strong>aput</strong></span> <span class='ocrx_word' id='word_1_142' title='bbox 2383 1711 2584 1770; x_wconf 85' lang='lat' dir='ltr'><strong>hostes</strong></span> 
     </span>
     <span class='ocr_line' id='line_1_18' title="bbox 388 1796 2583 1876; baseline -0.001 -18"><span class='ocrx_word' id='word_1_143' title='bbox 388 1810 417 1858; x_wconf 90' lang='lat'><strong>3</strong></span> <span class='ocrx_word' id='word_1_144' title='bbox 462 1806 688 1872; x_wconf 87' lang='lat' dir='ltr'><strong>essent,</strong></span> <span class='ocrx_word' id='word_1_145' title='bbox 734 1796 1010 1858; x_wconf 82' lang='lat' dir='ltr'><strong>servitute</strong></span> <span class='ocrx_word' id='word_1_146' title='bbox 1052 1804 1377 1876; x_wconf 67' lang='lat' dir='ltr'><strong>exemptos</strong></span> <span class='ocrx_word' id='word_1_147' title='bbox 1437 1797 1507 1870; x_wconf 89' lang='lat' dir='ltr'><strong>Q.</strong></span> <span class='ocrx_word' id='word_1_148' title='bbox 1539 1796 1827 1857; x_wconf 84' lang='lat' dir='ltr'><strong>Minucius</strong></span> <span class='ocrx_word' id='word_1_149' title='bbox 1858 1796 2583 1876; x_wconf 72' lang='lat' dir='ltr'><strong>temptata-tantum‘rela-</strong></span> 
     </span>
     <span class='ocr_line' id='line_1_19' title="bbox 432 1881 2580 1956; baseline -0.001 -13"><span class='ocrx_word' id='word_1_150' title='bbox 432 1884 640 1956; x_wconf 79' lang='lat' dir='ltr'><strong>tione,</strong></span> <span class='ocrx_word' id='word_1_151' title='bbox 674 1902 805 1944; x_wconf 90' lang='lat' dir='ltr'><strong>cum</strong></span> <span class='ocrx_word' id='word_1_152' title='bbox 839 1884 1150 1944; x_wconf 81' lang='lat' dir='ltr'><strong>adversum</strong></span> <span class='ocrx_word' id='word_1_153' title='bbox 1183 1901 1419 1943; x_wconf 92' lang='lat' dir='ltr'><strong>omnem</strong></span> <span class='ocrx_word' id='word_1_154' title='bbox 1453 1890 1720 1956; x_wconf 88' lang='lat' dir='ltr'><strong>senatum</strong></span> <span class='ocrx_word' id='word_1_155' title='bbox 1753 1882 1997 1956; x_wconf 86' lang='lat' dir='ltr'><strong>videret,</strong></span> <span class='ocrx_word' id='word_1_156' title='bbox 2035 1882 2098 1942; x_wconf 94' lang='lat' dir='ltr'><strong>in</strong></span> <span class='ocrx_word' id='word_1_157' title='bbox 2127 1890 2330 1943; x_wconf 87' lang='lat' dir='ltr'><strong>monte</strong></span> <span class='ocrx_word' id='word_1_158' title='bbox 2358 1881 2580 1945; x_wconf 85' lang='lat' dir='ltr'><strong>Albano</strong></span> 
     </span>
     <span class='ocr_line' id='line_1_20' title="bbox 462 1966 2582 2048; baseline -0.001 -19"><span class='ocrx_word' id='word_1_159' title='bbox 462 1989 526 2030; x_wconf 92' lang='lat' dir='ltr'><strong>se</strong></span> <span class='ocrx_word' id='word_1_160' title='bbox 564 1969 1058 2048; x_wconf 79' lang='lat' dir='ltr'><strong>triumphaturum</strong></span> <span class='ocrx_word' id='word_1_161' title='bbox 1080 1974 1153 2027; x_wconf 28' lang='lat' dir='ltr'><strong>‘et</strong></span> <span class='ocrx_word' id='word_1_162' title='bbox 1180 1967 1314 2028; x_wconf 68' lang='lat' dir='ltr'><strong>⁴iure</strong></span> <span class='ocrx_word' id='word_1_163' title='bbox 1350 1968 1565 2047; x_wconf 89' lang='lat' dir='ltr'><strong>imperi</strong></span> <span class='ocrx_word' id='word_1_164' title='bbox 1599 1967 1922 2029; x_wconf 87' lang='lat' dir='ltr'><strong>consularis</strong></span> <span class='ocrx_word' id='word_1_165' title='bbox 1955 1975 2010 2028; x_wconf 86' lang='lat' dir='ltr'><strong>et</strong></span> <span class='ocrx_word' id='word_1_166' title='bbox 2038 1966 2359 2029; x_wconf 88' lang='lat' dir='ltr'><strong>multorum</strong></span> <span class='ocrx_word' id='word_1_167' title='bbox 2393 1968 2582 2029; x_wconf 87' lang='lat' dir='ltr'><strong>claro-</strong></span> 
     </span>
     <span class='ocr_line' id='line_1_21' title="bbox 306 2052 2581 2130; baseline -0.004 -11"><span class='ocrx_word' id='word_1_168' title='bbox 306 2113 311 2118; x_wconf 83' lang='grc'><strong>.</strong></span> <span class='ocrx_word' id='word_1_169' title='bbox 388 2070 420 2119; x_wconf 84' lang='grc'><strong>4</strong></span> <span class='ocrx_word' id='word_1_170' title='bbox 460 2073 594 2115; x_wconf 89' lang='lat' dir='ltr'><strong>rum</strong></span> <span class='ocrx_word' id='word_1_171' title='bbox 633 2055 896 2115; x_wconf 87' lang='lat' dir='ltr'><strong>virorum</strong></span> <span class='ocrx_word' id='word_1_172' title='bbox 938 2052 1204 2130; x_wconf 87' lang='lat' dir='ltr'><strong>exemplo</strong></span> <span class='ocrx_word' id='word_1_173' title='bbox 1243 2052 1401 2114; x_wconf 85' lang='lat' dir='ltr'><strong>dixit.</strong></span> <span class='ocrx_word' id='word_1_174' title='bbox 1462 2052 1523 2114; x_wconf 91' lang='lat' dir='ltr'><strong>C.</strong></span> <span class='ocrx_word' id='word_1_175' title='bbox 1556 2053 1857 2115; x_wconf 88' lang='lat' dir='ltr'><strong>Cornelius</strong></span> <span class='ocrx_word' id='word_1_176' title='bbox 1898 2054 1968 2114; x_wconf 91' lang='lat' dir='ltr'><strong>de</strong></span> <span class='ocrx_word' id='word_1_177' title='bbox 2005 2053 2348 2115; x_wconf 89' lang='lat' dir='ltr'><strong>Insubribus</strong></span> <span class='ocrx_word' id='word_1_178' title='bbox 2387 2052 2581 2112; x_wconf 89' lang='lat' dir='ltr'><strong>Ceno—</strong></span> 
     </span>
    </p>
   </div>
   <div class='ocr_carea' id='block_1_4' title="bbox 1574 2256 2656 2514">
    <p class='ocr_par' dir='ltr' id='par_1_8' title="bbox 1576 2256 2656 2456">
     <span class='ocr_line' id='line_1_22' title="bbox 1576 2256 2580 2323; baseline -0.002 -14"><span class='ocrx_word' id='word_1_179' title='bbox 1576 2258 1667 2309; x_wconf 83' lang='lat' dir='ltr'><strong>auf</strong></span> <span class='ocrx_word' id='word_1_180' title='bbox 1684 2258 1766 2308; x_wconf 86' lang='lat' dir='ltr'><strong>die</strong></span> <span class='ocrx_word' id='word_1_181' title='bbox 1792 2256 1980 2323; x_wconf 85' lang='lat' dir='ltr'><strong>Gunst,</strong></span> <span class='ocrx_word' id='word_1_182' title='bbox 2005 2258 2086 2309; x_wconf 87' lang='lat' dir='ltr'><strong>die</strong></span> <span class='ocrx_word' id='word_1_183' title='bbox 2112 2258 2255 2310; x_wconf 84' lang='lat' dir='ltr'><strong>erim</strong></span> <span class='ocrx_word' id='word_1_184' title='bbox 2282 2257 2467 2308; x_wconf 82' lang='lat' dir='ltr'><strong>Senate</strong></span> <span class='ocrx_word' id='word_1_185' title='bbox 2491 2272 2580 2321; x_wconf 76' lang='lat' dir='ltr'><strong>ge-</strong></span> 
     </span>
     <span class='ocr_line' id='line_1_23' title="bbox 1577 2326 2656 2392; baseline -0.002 -15"><span class='ocrx_word' id='word_1_186' title='bbox 1577 2327 1763 2378; x_wconf 81' lang='lat' dir='ltr'><strong>funden</strong></span> <span class='ocrx_word' id='word_1_187' title='bbox 1795 2328 1948 2377; x_wconf 81' lang='lat' dir='ltr'><strong>hatte.</strong></span> <span class='ocrx_word' id='word_1_188' title='bbox 1982 2354 2051 2363; x_wconf 91' lang='lat'><strong>-——</strong></span> <span class='ocrx_word' id='word_1_189' title='bbox 2086 2326 2243 2378; x_wconf 76' lang='lat' dir='ltr'><strong>obsid.</strong></span> <span class='ocrx_word' id='word_1_190' title='bbox 2278 2327 2359 2377; x_wconf 77' lang='lat' dir='ltr'><strong>lib.</strong></span> <span class='ocrx_word' id='word_1_191' title='bbox 2395 2327 2464 2376; x_wconf 86' lang='lat' dir='ltr'><strong>ist</strong></span> <span class='ocrx_word' id='word_1_192' title='bbox 2499 2326 2590 2392; x_wconf 20' lang='lat'><strong>32„</strong></span> <span class='ocrx_word' id='word_1_193' title='bbox 2651 2390 2656 2392; x_wconf 19' lang='lat' dir='ltr'>v</span> 
     </span>
     <span class='ocr_line' id='line_1_24' title="bbox 1577 2392 2582 2456; baseline -0.002 -11"><span class='ocrx_word' id='word_1_194' title='bbox 1577 2395 1642 2445; x_wconf 89' lang='grc'><strong>30</strong></span> <span class='ocrx_word' id='word_1_195' title='bbox 1668 2396 1802 2445; x_wconf 87' lang='lat' dir='ltr'><strong>nicht</strong></span> <span class='ocrx_word' id='word_1_196' title='bbox 1828 2392 2082 2456; x_wconf 77' lang='lat' dir='ltr'><strong>erwiihnt3</strong></span> <span class='ocrx_word' id='word_1_197' title='bbox 2119 2394 2200 2456; x_wconf 87' lang='lat'><strong>32,</strong></span> <span class='ocrx_word' id='word_1_198' title='bbox 2232 2395 2313 2455; x_wconf 85' lang='lat'><strong>28,</strong></span> <span class='ocrx_word' id='word_1_199' title='bbox 2340 2394 2371 2445; x_wconf 87' lang='grc'><strong>9</strong></span> <span class='ocrx_word' id='word_1_200' title='bbox 2396 2394 2465 2444; x_wconf 83' lang='lat' dir='ltr'><strong>ist</strong></span> <span class='ocrx_word' id='word_1_201' title='bbox 2487 2410 2582 2443; x_wconf 88' lang='lat' dir='ltr'><strong>nur</strong></span> 
     </span>
    </p>

    <p class='ocr_par' dir='ltr' id='par_1_9' title="bbox 1574 2461 2579 2514">
     <span class='ocr_line' id='line_1_25' title="bbox 1574 2461 2579 2514; baseline 0 -1"><span class='ocrx_word' id='word_1_202' title='bbox 1574 2470 1671 2514; x_wconf 85' lang='lat' dir='ltr'><strong>von</strong></span> <span class='ocrx_word' id='word_1_203' title='bbox 1692 2465 1801 2513; x_wconf 90' lang='lat' dir='ltr'><strong>dem</strong></span> <span class='ocrx_word' id='word_1_204' title='bbox 1821 2462 1990 2513; x_wconf 83' lang='lat' dir='ltr'><strong>Abfall</strong></span> <span class='ocrx_word' id='word_1_205' title='bbox 2010 2465 2099 2513; x_wconf 89' lang='lat' dir='ltr'><strong>der</strong></span> <span class='ocrx_word' id='word_1_206' title='bbox 2117 2461 2311 2513; x_wconf 81' lang='lat' dir='ltr'><strong>Gallier</strong></span> <span class='ocrx_word' id='word_1_207' title='bbox 2329 2463 2408 2513; x_wconf 87' lang='lat' dir='ltr'><strong>die</strong></span> <span class='ocrx_word' id='word_1_208' title='bbox 2427 2463 2579 2513; x_wconf 87' lang='lat' dir='ltr'><strong>Rede.</strong></span> 
     </span>
    </p>
   </div>
   <div class='ocr_carea' id='block_1_5' title="bbox 454 2255 2580 2941">
    <p class='ocr_par' dir='ltr' id='par_1_10' title="bbox 454 2255 2580 2941">
     <span class='ocr_line' id='line_1_26' title="bbox 462 2255 1510 2324; baseline 0.001 -15"><span class='ocrx_word' id='word_1_209' title='bbox 462 2259 573 2321; x_wconf 89' lang='lat' dir='ltr'><strong>den,</strong></span> <span class='ocrx_word' id='word_1_210' title='bbox 599 2274 641 2308; x_wconf 76' lang='grc' dir='ltr'><strong>ε.</strong></span> <span class='ocrx_word' id='word_1_211' title='bbox 668 2257 751 2321; x_wconf 83' lang='grc'><strong>45,</strong></span> <span class='ocrx_word' id='word_1_212' title='bbox 778 2256 858 2317; x_wconf 85' lang='grc'><strong>39,</strong></span> <span class='ocrx_word' id='word_1_213' title='bbox 884 2257 940 2307; x_wconf 85' lang='lat'><strong>9:</strong></span> <span class='ocrx_word' id='word_1_214' title='bbox 967 2260 1020 2308; x_wconf 83' lang='lat' dir='ltr'><strong>et</strong></span> <span class='ocrx_word' id='word_1_215' title='bbox 1041 2255 1241 2324; x_wconf 81' lang='lat' dir='ltr'><strong>quidem</strong></span> <span class='ocrx_word' id='word_1_216' title='bbox 1256 2273 1357 2308; x_wconf 83' lang='lat' dir='ltr'><strong>non</strong></span> <span class='ocrx_word' id='word_1_217' title='bbox 1376 2259 1467 2310; x_wconf 82' lang='grc' dir='ltr'><em>Ιιο·</em></span> <span class='ocrx_word' id='word_1_218' title='bbox 1507 2278 1510 2281; x_wconf 63' lang='grc'><em>’</em></span> 
     </span>
     <span class='ocr_line' id='line_1_27' title="bbox 459 2326 1467 2390; baseline 0 -13"><span class='ocrx_word' id='word_1_219' title='bbox 459 2332 622 2378; x_wconf 80' lang='lat' dir='ltr'><strong>mines</strong></span> <span class='ocrx_word' id='word_1_220' title='bbox 656 2331 740 2376; x_wconf 82' lang='lat' dir='ltr'><strong>tan</strong></span> <span class='ocrx_word' id='word_1_221' title='bbox 749 2331 879 2390; x_wconf 75' lang='lat' dir='ltr'><strong>tum,</strong></span> <span class='ocrx_word' id='word_1_222' title='bbox 915 2326 1006 2385; x_wconf 76' lang='lat' dir='ltr'><strong>sed</strong></span> <span class='ocrx_word' id='word_1_223' title='bbox 1034 2326 1155 2377; x_wconf 72' lang='lat' dir='ltr'><strong>deos</strong></span> <span class='ocrx_word' id='word_1_224' title='bbox 1187 2329 1341 2377; x_wconf 72' lang='lat' dir='ltr'><strong>etiam</strong></span> <span class='ocrx_word' id='word_1_225' title='bbox 1371 2343 1467 2379; x_wconf 76' lang='lat' dir='ltr'><strong>suo</strong></span> 
     </span>
     <span class='ocr_line' id='line_1_28' title="bbox 460 2393 1470 2462; baseline 0 -17"><span class='ocrx_word' id='word_1_226' title='bbox 460 2398 653 2446; x_wconf 76' lang='lat' dir='ltr'><strong>honore</strong></span> <span class='ocrx_word' id='word_1_227' title='bbox 694 2394 1026 2460; x_wconf 78' lang='lat' dir='ltr'><strong>fraudaturi.</strong></span> <span class='ocrx_word' id='word_1_228' title='bbox 1056 2418 1061 2422; x_wconf 51' lang='lat'><strong>⁴</strong></span> <span class='ocrx_word' id='word_1_229' title='bbox 1107 2393 1208 2444; x_wconf 76' lang='lat' dir='ltr'><strong>diis</strong></span> <span class='ocrx_word' id='word_1_230' title='bbox 1275 2413 1470 2462; x_wconf 81' lang='lat' dir='ltr'><strong>quoque</strong></span> 
     </span>
     <span class='ocr_line' id='line_1_29' title="bbox 454 2462 1465 2527; baseline 0 -13"><span class='ocrx_word' id='word_1_231' title='bbox 454 2467 610 2527; x_wconf 81' lang='lat' dir='ltr'><strong>enim,</strong></span> <span class='ocrx_word' id='word_1_232' title='bbox 628 2479 729 2512; x_wconf 84' lang='lat' dir='ltr'><strong>non</strong></span> <span class='ocrx_word' id='word_1_233' title='bbox 748 2462 914 2514; x_wconf 75' lang='lat' dir='ltr'><strong>solum</strong></span> <span class='ocrx_word' id='word_1_234' title='bbox 932 2464 1218 2513; x_wconf 73' lang='lat' dir='ltr'><strong>hominibus</strong></span> <span class='ocrx_word' id='word_1_235' title='bbox 1237 2463 1465 2515; x_wconf 77' lang='lat' dir='ltr'><strong>debetur.</strong></span> 
     </span>
     <span class='ocr_line' id='line_1_30' title="bbox 459 2529 2578 2600; baseline -0.001 -20"><span class='ocrx_word' id='word_1_236' title='bbox 459 2559 528 2569; x_wconf 89' lang='grc'><strong>--</strong></span> <span class='ocrx_word' id='word_1_237' title='bbox 556 2545 683 2599; x_wconf 77' lang='lat' dir='ltr'><strong>pars</strong></span> <span class='ocrx_word' id='word_1_238' title='bbox 722 2547 825 2580; x_wconf 80' lang='lat' dir='ltr'><strong>uon</strong></span> <span class='ocrx_word' id='word_1_239' title='bbox 857 2534 1069 2581; x_wconf 81' lang='lat' dir='ltr'><strong>minima</strong></span> <span class='ocrx_word' id='word_1_240' title='bbox 1110 2533 1360 2600; x_wconf 76' lang='lat' dir='ltr'><strong>triumphi</strong></span> <span class='ocrx_word' id='word_1_241' title='bbox 1388 2536 1472 2582; x_wconf 77' lang='lat' dir='ltr'><strong>est</strong></span> <span class='ocrx_word' id='word_1_242' title='bbox 1574 2561 1643 2569; x_wconf 90' lang='lat'><strong>—</strong></span> <span class='ocrx_word' id='word_1_243' title='bbox 1667 2534 1924 2595; x_wconf 56' lang='lat' dir='ltr'><strong>sorvita„</strong></span> <span class='ocrx_word' id='word_1_244' title='bbox 1947 2532 2049 2594; x_wconf 86' lang='lat' dir='ltr'><strong>vgl.</strong></span> <span class='ocrx_word' id='word_1_245' title='bbox 2071 2530 2152 2593; x_wconf 88' lang='grc'><strong>31,</strong></span> <span class='ocrx_word' id='word_1_246' title='bbox 2174 2531 2254 2595; x_wconf 90' lang='grc'><strong>21,</strong></span> <span class='ocrx_word' id='word_1_247' title='bbox 2282 2531 2372 2594; x_wconf 78' lang='lat'><strong>183</strong></span> <span class='ocrx_word' id='word_1_248' title='bbox 2398 2529 2478 2597; x_wconf 86' lang='lat'><strong>32,</strong></span> <span class='ocrx_word' id='word_1_249' title='bbox 2499 2530 2578 2595; x_wconf 84' lang='lat'><strong>26,</strong></span> 
     </span>
     <span class='ocr_line' id='line_1_31' title="bbox 460 2599 2276 2669; baseline 0.001 -21"><span class='ocrx_word' id='word_1_250' title='bbox 460 2601 691 2664; x_wconf 59' lang='lat' dir='ltr'><strong>richmere</strong></span> <span class='ocrx_word' id='word_1_251' title='bbox 719 2599 1102 2666; x_wconf 76' lang='lat' dir='ltr'><strong>praecedentes,</strong></span> <span class='ocrx_word' id='word_1_252' title='bbox 1138 2604 1200 2650; x_wconf 79' lang='lat' dir='ltr'><strong>ut</strong></span> <span class='ocrx_word' id='word_1_253' title='bbox 1220 2605 1472 2669; x_wconf 79' lang='lat' dir='ltr'><strong>appareat</strong></span> <span class='ocrx_word' id='word_1_254' title='bbox 1543 2650 1548 2657; x_wconf 72' lang='grc'><strong>,</strong></span> <span class='ocrx_word' id='word_1_255' title='bbox 1577 2600 1625 2650; x_wconf 89' lang='grc'><strong>3.</strong></span> <span class='ocrx_word' id='word_1_256' title='bbox 1649 2628 1717 2637; x_wconf 88' lang='grc'><strong>-</strong></span> <span class='ocrx_word' id='word_1_257' title='bbox 1742 2603 1965 2668; x_wconf 78' lang='lat' dir='ltr'><strong>eoeempt.</strong></span> <span class='ocrx_word' id='word_1_258' title='bbox 1993 2616 2041 2649; x_wconf 89' lang='lat' dir='ltr'><strong>n.</strong></span> <span class='ocrx_word' id='word_1_259' title='bbox 2068 2617 2126 2650; x_wconf 72' lang='lat' dir='ltr'><strong>se</strong></span> <span class='ocrx_word' id='word_1_260' title='bbox 2149 2616 2276 2650; x_wconf 72' lang='lat' dir='ltr'><strong>esse.</strong></span> 
     </span>
     <span class='ocr_line' id='line_1_32' title="bbox 459 2667 2580 2736; baseline -0 -19"><span class='ocrx_word' id='word_1_261' title='bbox 459 2668 542 2718; x_wconf 74' lang='lat' dir='ltr'><strong>dis</strong></span> <span class='ocrx_word' id='word_1_262' title='bbox 591 2671 770 2732; x_wconf 77' lang='lat' dir='ltr'><strong>grates</strong></span> <span class='ocrx_word' id='word_1_263' title='bbox 819 2673 1058 2733; x_wconf 80' lang='lat' dir='ltr'><strong>agentem</strong></span> <span class='ocrx_word' id='word_1_264' title='bbox 1102 2670 1470 2736; x_wconf 81' lang='lat' dir='ltr'><strong>imperatorem</strong></span> <span class='ocrx_word' id='word_1_265' title='bbox 1538 2681 1543 2685; x_wconf 87' lang='grc'><em>·</em></span> <span class='ocrx_word' id='word_1_266' title='bbox 1647 2669 1693 2718; x_wconf 90' lang='grc'><strong>3.</strong></span> <span class='ocrx_word' id='word_1_267' title='bbox 1742 2673 2001 2736; x_wconf 82' lang='lat' dir='ltr'><strong>temptata,</strong></span> <span class='ocrx_word' id='word_1_268' title='bbox 2038 2684 2078 2717; x_wconf 84' lang='lat' dir='ltr'><strong>S.</strong></span> <span class='ocrx_word' id='word_1_269' title='bbox 2114 2667 2212 2732; x_wconf 84' lang='lat'><strong>28,</strong></span> <span class='ocrx_word' id='word_1_270' title='bbox 2238 2667 2334 2730; x_wconf 82' lang='lat'><strong>38,</strong></span> <span class='ocrx_word' id='word_1_271' title='bbox 2360 2667 2408 2717; x_wconf 88' lang='grc'><strong>4.</strong></span> <span class='ocrx_word' id='word_1_272' title='bbox 2431 2694 2500 2704; x_wconf 90' lang='lat'><em>—</em></span> <span class='ocrx_word' id='word_1_273' title='bbox 2529 2671 2580 2717; x_wconf 79' lang='lat' dir='ltr'><strong>in</strong></span> 
     </span>
     <span class='ocr_line' id='line_1_33' title="bbox 462 2735 2579 2803; baseline -0 -17"><span class='ocrx_word' id='word_1_274' title='bbox 462 2737 522 2786; x_wconf 84' lang='lat' dir='ltr'><strong>ob</strong></span> <span class='ocrx_word' id='word_1_275' title='bbox 547 2751 659 2787; x_wconf 88' lang='lat' dir='ltr'><strong>rem</strong></span> <span class='ocrx_word' id='word_1_276' title='bbox 676 2736 934 2803; x_wconf 79' lang='lat' dir='ltr'><strong>publicam·</strong></span> <span class='ocrx_word' id='word_1_277' title='bbox 958 2739 1081 2787; x_wconf 83' lang='lat' dir='ltr'><strong>bene</strong></span> <span class='ocrx_word' id='word_1_278' title='bbox 1099 2742 1308 2802; x_wconf 74' lang='lat' dir='ltr'><strong>gestam.</strong></span> <span class='ocrx_word' id='word_1_279' title='bbox 1332 2737 1468 2788; x_wconf 81' lang='lat' dir='ltr'><strong>redi·</strong></span> <span class='ocrx_word' id='word_1_280' title='bbox 1576 2742 1748 2787; x_wconf 82' lang='lat' dir='ltr'><strong>monte</strong></span> <span class='ocrx_word' id='word_1_281' title='bbox 1783 2737 1928 2800; x_wconf 61' lang='lat' dir='ltr'><strong>Alb„</strong></span> <span class='ocrx_word' id='word_1_282' title='bbox 1964 2738 2087 2786; x_wconf 86' lang='lat' dir='ltr'><strong>nach</strong></span> <span class='ocrx_word' id='word_1_283' title='bbox 2120 2735 2319 2786; x_wconf 86' lang='lat' dir='ltr'><strong>uralter</strong></span> <span class='ocrx_word' id='word_1_284' title='bbox 2351 2736 2505 2801; x_wconf 86' lang='lat' dir='ltr'><strong>Sitte,</strong></span> <span class='ocrx_word' id='word_1_285' title='bbox 2539 2750 2579 2785; x_wconf 86' lang='lat' dir='ltr'><strong>s.</strong></span> 
     </span>
     <span class='ocr_line' id='line_1_34' title="bbox 462 2802 2579 2870; baseline -0.002 -15"><span class='ocrx_word' id='word_1_286' title='bbox 462 2820 536 2867; x_wconf 86' lang='lat' dir='ltr'><strong>re,</strong></span> <span class='ocrx_word' id='word_1_287' title='bbox 562 2805 663 2867; x_wconf 82' lang='lat' dir='ltr'><strong>vgl.</strong></span> <span class='ocrx_word' id='word_1_288' title='bbox 690 2803 772 2864; x_wconf 83' lang='lat'><strong>26,</strong></span> <span class='ocrx_word' id='word_1_289' title='bbox 800 2804 880 2870; x_wconf 86' lang='grc'><strong>21,</strong></span> <span class='ocrx_word' id='word_1_290' title='bbox 908 2804 966 2867; x_wconf 86' lang='lat'><strong>33</strong></span> <span class='ocrx_word' id='word_1_291' title='bbox 995 2805 1073 2868; x_wconf 89' lang='grc'><strong>28,</strong></span> <span class='ocrx_word' id='word_1_292' title='bbox 1096 2807 1143 2867; x_wconf 85' lang='grc'><strong>9,</strong></span> <span class='ocrx_word' id='word_1_293' title='bbox 1166 2805 1219 2867; x_wconf 84' lang='grc'><strong>7;</strong></span> <span class='ocrx_word' id='word_1_294' title='bbox 1247 2805 1328 2867; x_wconf 89' lang='grc'><strong>39,</strong></span> <span class='ocrx_word' id='word_1_295' title='bbox 1349 2807 1398 2868; x_wconf 92' lang='grc'><strong>4,</strong></span> <span class='ocrx_word' id='word_1_296' title='bbox 1419 2804 1467 2856; x_wconf 87' lang='grc'><strong>2.</strong></span> <span class='ocrx_word' id='word_1_297' title='bbox 1576 2804 1802 2855; x_wconf 85' lang='lat' dir='ltr'><strong>Niebuhr</strong></span> <span class='ocrx_word' id='word_1_298' title='bbox 1825 2804 1884 2855; x_wconf 89' lang='lat' dir='ltr'><strong>R.</strong></span> <span class='ocrx_word' id='word_1_299' title='bbox 1913 2804 1973 2854; x_wconf 84' lang='lat' dir='ltr'><strong>G.</strong></span> <span class='ocrx_word' id='word_1_300' title='bbox 1998 2804 2054 2867; x_wconf 90' lang='grc'><strong>2,</strong></span> <span class='ocrx_word' id='word_1_301' title='bbox 2088 2804 2181 2867; x_wconf 79' lang='lat'><strong>423</strong></span> <span class='ocrx_word' id='word_1_302' title='bbox 2218 2804 2509 2868; x_wconf 83' lang='lat' dir='ltr'><strong>Schwegler</strong></span> <span class='ocrx_word' id='word_1_303' title='bbox 2534 2802 2579 2860; x_wconf 81' lang='lat'><strong>2,</strong></span> 
     </span>
     <span class='ocr_line' id='line_1_35' title="bbox 527 2872 2580 2941; baseline -0 -20"><span class='ocrx_word' id='word_1_304' title='bbox 527 2872 728 2922; x_wconf 80' lang='lat'><strong>6—10.</strong></span> <span class='ocrx_word' id='word_1_305' title='bbox 773 2875 918 2924; x_wconf 77' lang='lat' dir='ltr'><strong>illum</strong></span> <span class='ocrx_word' id='word_1_306' title='bbox 954 2891 1000 2924; x_wconf 92' lang='lat' dir='ltr'><strong>n.</strong></span> <span class='ocrx_word' id='word_1_307' title='bbox 1032 2873 1343 2937; x_wconf 75' lang='lat' dir='ltr'><strong>Cornelium,</strong></span> <span class='ocrx_word' id='word_1_308' title='bbox 1382 2874 1469 2923; x_wconf 85' lang='lat' dir='ltr'><strong>da-</strong></span> <span class='ocrx_word' id='word_1_309' title='bbox 1578 2873 1693 2922; x_wconf 82' lang='lat'><strong>347.</strong></span> <span class='ocrx_word' id='word_1_310' title='bbox 1753 2876 1867 2924; x_wconf 80' lang='lat' dir='ltr'><strong>iure</strong></span> <span class='ocrx_word' id='word_1_311' title='bbox 1899 2875 2082 2941; x_wconf 81' lang='lat' dir='ltr'><strong>imper.</strong></span> <span class='ocrx_word' id='word_1_312' title='bbox 2122 2889 2189 2934; x_wconf 88' lang='lat' dir='ltr'><strong>c.,</strong></span> <span class='ocrx_word' id='word_1_313' title='bbox 2234 2874 2385 2922; x_wconf 86' lang='lat' dir='ltr'><strong>sehon</strong></span> <span class='ocrx_word' id='word_1_314' title='bbox 2429 2873 2580 2921; x_wconf 83' lang='lat' dir='ltr'><strong>durch</strong></span> 
     </span>
    </p>
   </div>
   <div class='ocr_carea' id='block_1_6' title="bbox 455 2942 1472 3416">
    <p class='ocr_par' dir='ltr' id='par_1_11' title="bbox 455 2942 1472 3416">
     <span class='ocr_line' id='line_1_36' title="bbox 461 2942 1469 3006; baseline 0.002 -17"><span class='ocrx_word' id='word_1_315' title='bbox 461 2957 524 2991; x_wconf 89' lang='lat' dir='ltr'><strong>zu</strong></span> <span class='ocrx_word' id='word_1_316' title='bbox 566 2956 705 2990; x_wconf 81' lang='lat' dir='ltr'><strong>muss</strong></span> <span class='ocrx_word' id='word_1_317' title='bbox 734 2942 832 2991; x_wconf 90' lang='lat' dir='ltr'><strong>wol</strong></span> <span class='ocrx_word' id='word_1_318' title='bbox 875 2958 965 2992; x_wconf 88' lang='lat' dir='ltr'><strong>aus</strong></span> <span class='ocrx_word' id='word_1_319' title='bbox 997 2943 1218 2993; x_wconf 77' lang='lat' dir='ltr'><strong>valuisse</strong></span> <span class='ocrx_word' id='word_1_320' title='bbox 1260 2957 1469 3006; x_wconf 83' lang='lat' dir='ltr'><strong>genom—</strong></span> 
     </span>
     <span class='ocr_line' id='line_1_37' title="bbox 459 3010 1472 3078; baseline -0.001 -19"><span class='ocrx_word' id='word_1_321' title='bbox 459 3025 569 3059; x_wconf 86' lang='lat' dir='ltr'><strong>men</strong></span> <span class='ocrx_word' id='word_1_322' title='bbox 595 3010 796 3059; x_wconf 85' lang='lat' dir='ltr'><strong>werden</strong></span> <span class='ocrx_word' id='word_1_323' title='bbox 822 3011 986 3062; x_wconf 83' lang='lat' dir='ltr'><strong>valere</strong></span> <span class='ocrx_word' id='word_1_324' title='bbox 1013 3012 1136 3060; x_wconf 84' lang='lat' dir='ltr'><strong>oder</strong></span> <span class='ocrx_word' id='word_1_325' title='bbox 1158 3010 1329 3060; x_wconf 80' lang='lat' dir='ltr'><strong>valere</strong></span> <span class='ocrx_word' id='word_1_326' title='bbox 1347 3025 1472 3078; x_wconf 77' lang='lat' dir='ltr'><strong>pos·</strong></span> 
     </span>
     <span class='ocr_line' id='line_1_38' title="bbox 458 3076 1467 3145; baseline -0.001 -19"><span class='ocrx_word' id='word_1_327' title='bbox 458 3093 530 3128; x_wconf 75' lang='lat' dir='ltr'><strong>se.</strong></span> <span class='ocrx_word' id='word_1_328' title='bbox 564 3103 630 3114; x_wconf 78' lang='lat'><strong>-—</strong></span> <span class='ocrx_word' id='word_1_329' title='bbox 652 3080 706 3127; x_wconf 81' lang='lat' dir='ltr'><strong>in</strong></span> <span class='ocrx_word' id='word_1_330' title='bbox 747 3077 905 3130; x_wconf 79' lang='lat' dir='ltr'><strong>Gallia</strong></span> <span class='ocrx_word' id='word_1_331' title='bbox 928 3079 1250 3145; x_wconf 27' lang='lat' dir='ltr'><strong>etc.,‚dieses</strong></span> <span class='ocrx_word' id='word_1_332' title='bbox 1282 3078 1350 3131; x_wconf 83' lang='lat' dir='ltr'><strong>ist</strong></span> <span class='ocrx_word' id='word_1_333' title='bbox 1384 3076 1467 3140; x_wconf 89' lang='grc'><strong>32,</strong></span> 
     </span>
     <span class='ocr_line' id='line_1_39' title="bbox 459 3144 1470 3207; baseline 0.002 -15"><span class='ocrx_word' id='word_1_334' title='bbox 459 3144 523 3193; x_wconf 88' lang='grc'><strong>30</strong></span> <span class='ocrx_word' id='word_1_335' title='bbox 535 3145 568 3196; x_wconf 82' lang='lat' dir='ltr'><strong>f.</strong></span> <span class='ocrx_word' id='word_1_336' title='bbox 607 3146 743 3196; x_wconf 86' lang='lat' dir='ltr'><strong>nicht</strong></span> <span class='ocrx_word' id='word_1_337' title='bbox 765 3149 1009 3196; x_wconf 75' lang='lat' dir='ltr'><strong>erwiihnt.</strong></span> <span class='ocrx_word' id='word_1_338' title='bbox 1034 3173 1104 3182; x_wconf 91' lang='lat'><strong>-—</strong></span> <span class='ocrx_word' id='word_1_339' title='bbox 1124 3148 1470 3207; x_wconf 75' lang='lat' dir='ltr'><strong>nominabant,</strong></span> 
     </span>
     <span class='ocr_line' id='line_1_40' title="bbox 458 3214 1468 3276; baseline -0.001 -13"><span class='ocrx_word' id='word_1_340' title='bbox 458 3229 601 3263; x_wconf 89' lang='lat' dir='ltr'><strong>wenn</strong></span> <span class='ocrx_word' id='word_1_341' title='bbox 643 3215 806 3264; x_wconf 88' lang='lat' dir='ltr'><strong>dieses</strong></span> <span class='ocrx_word' id='word_1_342' title='bbox 838 3215 1020 3276; x_wconf 81' lang='lat' dir='ltr'><strong>richtig</strong></span> <span class='ocrx_word' id='word_1_343' title='bbox 1052 3215 1143 3274; x_wconf 83' lang='lat' dir='ltr'><strong>ist,</strong></span> <span class='ocrx_word' id='word_1_344' title='bbox 1186 3214 1377 3263; x_wconf 83' lang='lat' dir='ltr'><strong>miisste</strong></span> <span class='ocrx_word' id='word_1_345' title='bbox 1411 3229 1468 3262; x_wconf 88' lang='lat' dir='ltr'><strong>es</strong></span> 
     </span>
     <span class='ocr_line' id='line_1_41' title="bbox 455 3281 1470 3345; baseline -0.002 -13"><span class='ocrx_word' id='word_1_346' title='bbox 455 3286 756 3333; x_wconf 75' lang='lat' dir='ltr'><strong>nominatim</strong></span> <span class='ocrx_word' id='word_1_347' title='bbox 789 3282 1022 3332; x_wconf 80' lang='lat' dir='ltr'><strong>dicebant</strong></span> <span class='ocrx_word' id='word_1_348' title='bbox 1044 3281 1319 3345; x_wconf 84' lang='lat' dir='ltr'><strong>bedenten,</strong></span> <span class='ocrx_word' id='word_1_349' title='bbox 1347 3283 1470 3331; x_wconf 88' lang='lat' dir='ltr'><strong>oder</strong></span> 
     </span>
     <span class='ocr_line' id='line_1_42' title="bbox 459 3350 1469 3416; baseline -0.002 -16"><span class='ocrx_word' id='word_1_350' title='bbox 459 3351 640 3400; x_wconf 77' lang='lat' dir='ltr'><strong>dat-aus</strong></span> <span class='ocrx_word' id='word_1_351' title='bbox 661 3350 988 3399; x_wconf 78' lang='lat' dir='ltr'><strong>dicebanteos</strong></span> <span class='ocrx_word' id='word_1_352' title='bbox 1000 3365 1071 3402; x_wconf 68' lang='lat' dir='ltr'><strong>,zu</strong></span> <span class='ocrx_word' id='word_1_353' title='bbox 1089 3364 1273 3399; x_wconf 77' lang='lat' dir='ltr'><strong>aversa</strong></span> <span class='ocrx_word' id='word_1_354' title='bbox 1288 3364 1469 3416; x_wconf 77' lang='lat' dir='ltr'><strong>pugna</strong></span> 
     </span>
    </p>
   </div>
   <div class='ocr_carea' id='block_1_7' title="bbox 460 3406 1496 3480">
    <p class='ocr_par' dir='ltr' id='par_1_12' title="bbox 460 3406 1496 3480">
     <span class='ocr_line' id='line_1_43' title="bbox 460 3406 1496 3480; baseline -0.002 -12"><span class='ocrx_word' id='word_1_355' title='bbox 460 3425 555 3468; x_wconf 83' lang='lat' dir='ltr'><strong>etc.</strong></span> <span class='ocrx_word' id='word_1_356' title='bbox 572 3419 783 3480; x_wconf 83' lang='lat' dir='ltr'><strong>gedacht</strong></span> <span class='ocrx_word' id='word_1_357' title='bbox 795 3418 997 3466; x_wconf 84' lang='lat' dir='ltr'><strong>werden</strong></span> <span class='ocrx_word' id='word_1_358' title='bbox 1010 3432 1025 3476; x_wconf 85' lang='lat'><em>3</em></span> <span class='ocrx_word' id='word_1_359' title='bbox 1036 3406 1169 3465; x_wconf 78' lang='lat' dir='ltr'><strong>&#39;doch</strong></span> <span class='ocrx_word' id='word_1_360' title='bbox 1191 3416 1319 3479; x_wconf 83' lang='lat' dir='ltr'><strong>liegt</strong></span> <span class='ocrx_word' id='word_1_361' title='bbox 1330 3417 1467 3466; x_wconf 85' lang='lat' dir='ltr'><strong>wah-</strong></span> <span class='ocrx_word' id='word_1_362' title='bbox 1491 3436 1496 3440; x_wconf 84' lang='lat'><strong>·</strong></span> 
     </span>
    </p>
   </div>
   <div class='ocr_carea' id='block_1_8' title="bbox 453 3484 1470 4095">
    <p class='ocr_par' dir='ltr' id='par_1_13' title="bbox 453 3484 1470 4027">
     <span class='ocr_line' id='line_1_44' title="bbox 457 3484 1457 3553; baseline 0.001 -19"><span class='ocrx_word' id='word_1_363' title='bbox 457 3484 723 3534; x_wconf 86' lang='lat' dir='ltr'><strong>scheinlich</strong></span> <span class='ocrx_word' id='word_1_364' title='bbox 743 3485 819 3533; x_wconf 89' lang='lat' dir='ltr'><strong>ein</strong></span> <span class='ocrx_word' id='word_1_365' title='bbox 837 3485 1021 3553; x_wconf 77' lang='lat' dir='ltr'><strong>Fehler</strong></span> <span class='ocrx_word' id='word_1_366' title='bbox 1038 3484 1085 3533; x_wconf 88' lang='lat' dir='ltr'><strong>in</strong></span> <span class='ocrx_word' id='word_1_367' title='bbox 1099 3485 1193 3533; x_wconf 88' lang='lat' dir='ltr'><strong>den</strong></span> <span class='ocrx_word' id='word_1_368' title='bbox 1210 3484 1457 3545; x_wconf 75' lang='lat' dir='ltr'><strong>Worten3</strong></span> 
     </span>
     <span class='ocr_line' id='line_1_45' title="bbox 456 3552 1470 3618; baseline 0.002 -16"><span class='ocrx_word' id='word_1_369' title='bbox 456 3555 537 3602; x_wconf 89' lang='lat' dir='ltr'><strong>die</strong></span> <span class='ocrx_word' id='word_1_370' title='bbox 563 3552 903 3613; x_wconf 73' lang='lat' dir='ltr'><strong>gewiihnliche</strong></span> <span class='ocrx_word' id='word_1_371' title='bbox 926 3552 1108 3602; x_wconf 84' lang='lat' dir='ltr'><strong>Lesart</strong></span> <span class='ocrx_word' id='word_1_372' title='bbox 1133 3553 1223 3602; x_wconf 82' lang='lat' dir='ltr'><strong>ist:</strong></span> <span class='ocrx_word' id='word_1_373' title='bbox 1252 3558 1470 3618; x_wconf 82' lang='lat' dir='ltr'><strong>quartae</strong></span> 
     </span>
     <span class='ocr_line' id='line_1_46' title="bbox 456 3618 1463 3686; baseline 0.001 -16"><span class='ocrx_word' id='word_1_374' title='bbox 456 3624 544 3684; x_wconf 82' lang='lat' dir='ltr'><strong>qui</strong></span> <span class='ocrx_word' id='word_1_375' title='bbox 550 3646 618 3655; x_wconf 81' lang='lat'><strong>——</strong></span> <span class='ocrx_word' id='word_1_376' title='bbox 629 3618 896 3669; x_wconf 76' lang='lat' dir='ltr'><strong>cecidissen</strong></span> <span class='ocrx_word' id='word_1_377' title='bbox 905 3619 940 3670; x_wconf 65' lang='lat' dir='ltr'><strong>tj</strong></span> <span class='ocrx_word' id='word_1_378' title='bbox 964 3619 1229 3686; x_wconf 70' lang='lat' dir='ltr'><strong>Liguriae,</strong></span> <span class='ocrx_word' id='word_1_379' title='bbox 1242 3622 1319 3671; x_wconf 86' lang='lat' dir='ltr'><strong>die</strong></span> <span class='ocrx_word' id='word_1_380' title='bbox 1339 3637 1463 3685; x_wconf 79' lang='lat' dir='ltr'><strong>gens</strong></span> 
     </span>
     <span class='ocr_line' id='line_1_47' title="bbox 453 3686 1464 3753; baseline 0.004 -18"><span class='ocrx_word' id='word_1_381' title='bbox 453 3686 660 3749; x_wconf 80' lang='lat' dir='ltr'><strong>Liguria</strong></span> <span class='ocrx_word' id='word_1_382' title='bbox 685 3689 913 3738; x_wconf 74' lang='lat' dir='ltr'><strong>erw’ahnt</strong></span> <span class='ocrx_word' id='word_1_383' title='bbox 938 3690 1062 3738; x_wconf 86' lang='lat' dir='ltr'><strong>noch</strong></span> <span class='ocrx_word' id='word_1_384' title='bbox 1089 3690 1188 3739; x_wconf 88' lang='lat' dir='ltr'><strong>Cic.</strong></span> <span class='ocrx_word' id='word_1_385' title='bbox 1215 3689 1355 3739; x_wconf 83' lang='lat' dir='ltr'><strong>Fam.</strong></span> <span class='ocrx_word' id='word_1_386' title='bbox 1385 3689 1464 3753; x_wconf 89' lang='lat'><strong>16,</strong></span> 
     </span>
     <span class='ocr_line' id='line_1_48' title="bbox 460 3753 1465 3826; baseline 0.006 -23"><span class='ocrx_word' id='word_1_387' title='bbox 460 3755 535 3820; x_wconf 88' lang='lat'><strong>18,</strong></span> <span class='ocrx_word' id='word_1_388' title='bbox 557 3753 616 3815; x_wconf 85' lang='lat'><strong>33</strong></span> <span class='ocrx_word' id='word_1_389' title='bbox 644 3754 750 3805; x_wconf 83' lang='lat' dir='ltr'><strong>Att.</strong></span> <span class='ocrx_word' id='word_1_390' title='bbox 775 3755 851 3815; x_wconf 91' lang='lat'><strong>11,</strong></span> <span class='ocrx_word' id='word_1_391' title='bbox 875 3756 922 3819; x_wconf 85' lang='lat'><strong>9,</strong></span> <span class='ocrx_word' id='word_1_392' title='bbox 944 3757 973 3806; x_wconf 88' lang='grc'><strong>2</strong></span> <span class='ocrx_word' id='word_1_393' title='bbox 995 3774 1042 3807; x_wconf 83' lang='grc' dir='ltr'><strong>ιι.</strong></span> <span class='ocrx_word' id='word_1_394' title='bbox 1063 3773 1108 3808; x_wconf 82' lang='lat' dir='ltr'><strong>a.</strong></span> <span class='ocrx_word' id='word_1_395' title='bbox 1126 3785 1195 3795; x_wconf 89' lang='lat'>—</span> <span class='ocrx_word' id='word_1_396' title='bbox 1214 3774 1242 3808; x_wconf 91' lang='grc' dir='ltr'><strong><em>ο</em></strong></span> <span class='ocrx_word' id='word_1_397' title='bbox 1277 3758 1465 3826; x_wconf 84' lang='lat' dir='ltr'><strong>pz’dor.,</strong></span> 
     </span>
     <span class='ocr_line' id='line_1_49' title="bbox 455 3822 1468 3891; baseline 0.004 -19"><span class='ocrx_word' id='word_1_398' title='bbox 455 3822 536 3888; x_wconf 88' lang='lat'><strong>32,</strong></span> <span class='ocrx_word' id='word_1_399' title='bbox 563 3822 646 3884; x_wconf 85' lang='lat'><strong>29,</strong></span> <span class='ocrx_word' id='word_1_400' title='bbox 674 3823 720 3874; x_wconf 84' lang='lat'><strong>8.</strong></span> <span class='ocrx_word' id='word_1_401' title='bbox 747 3851 813 3860; x_wconf 92' lang='lat'>—</span> <span class='ocrx_word' id='word_1_402' title='bbox 829 3827 1067 3891; x_wconf 71' lang='lat' dir='ltr'><strong>pig-nore,</strong></span> <span class='ocrx_word' id='word_1_403' title='bbox 1088 3826 1160 3876; x_wconf 87' lang='lat' dir='ltr'><strong>sie</strong></span> <span class='ocrx_word' id='word_1_404' title='bbox 1180 3828 1241 3876; x_wconf 88' lang='lat' dir='ltr'><strong>ha</strong></span> <span class='ocrx_word' id='word_1_405' title='bbox 1277 3843 1337 3876; x_wconf 90' lang='lat' dir='ltr'><strong>en</strong></span> <span class='ocrx_word' id='word_1_406' title='bbox 1357 3827 1468 3877; x_wconf 83' lang='lat' dir='ltr'><strong>kei-</strong></span> 
     </span>
     <span class='ocr_line' id='line_1_50' title="bbox 454 3889 1464 3958; baseline 0.005 -18"><span class='ocrx_word' id='word_1_407' title='bbox 454 3908 516 3941; x_wconf 88' lang='lat' dir='ltr'><strong>nc</strong></span> <span class='ocrx_word' id='word_1_408' title='bbox 542 3889 774 3943; x_wconf 88' lang='lat' dir='ltr'><strong>Geisseln</strong></span> <span class='ocrx_word' id='word_1_409' title='bbox 799 3894 1033 3958; x_wconf 85' lang='lat' dir='ltr'><strong>gestellt,</strong></span> <span class='ocrx_word' id='word_1_410' title='bbox 1073 3894 1173 3958; x_wconf 89' lang='lat' dir='ltr'><strong>vgl.</strong></span> <span class='ocrx_word' id='word_1_411' title='bbox 1191 3895 1285 3957; x_wconf 73' lang='grc'><strong>’28,</strong></span> <span class='ocrx_word' id='word_1_412' title='bbox 1306 3894 1386 3958; x_wconf 91' lang='grc'><strong>43,</strong></span> <span class='ocrx_word' id='word_1_413' title='bbox 1415 3894 1464 3945; x_wconf 86' lang='grc'><strong>7.</strong></span> 
     </span>
     <span class='ocr_line' id='line_1_51' title="bbox 453 3961 1349 4027; baseline 0.001 -16"><span class='ocrx_word' id='word_1_414' title='bbox 453 3988 521 3996; x_wconf 87' lang='lat'><strong>——</strong></span> <span class='ocrx_word' id='word_1_415' title='bbox 582 3977 758 4026; x_wconf 64' lang='lat' dir='ltr'><strong>ersev„</strong></span> <span class='ocrx_word' id='word_1_416' title='bbox 782 3978 824 4011; x_wconf 80' lang='lat' dir='ltr'><strong>S.</strong></span> <span class='ocrx_word' id='word_1_417' title='bbox 850 3962 898 4023; x_wconf 89' lang='grc'><strong>4,</strong></span> <span class='ocrx_word' id='word_1_418' title='bbox 924 3961 1006 4025; x_wconf 87' lang='grc'><strong>42,</strong></span> <span class='ocrx_word' id='word_1_419' title='bbox 1033 3963 1090 4024; x_wconf 83' lang='lat'><strong>43</strong></span> <span class='ocrx_word' id='word_1_420' title='bbox 1121 3963 1167 4027; x_wconf 86' lang='lat'><strong>7,</strong></span> <span class='ocrx_word' id='word_1_421' title='bbox 1198 3962 1276 4025; x_wconf 88' lang='grc'><strong>18,</strong></span> <span class='ocrx_word' id='word_1_422' title='bbox 1303 3962 1349 4012; x_wconf 91' lang='grc'><strong>9.</strong></span> 
     </span>
    </p>

    <p class='ocr_par' dir='ltr' id='par_1_14' title="bbox 565 4017 1465 4095">
     <span class='ocr_line' id='line_1_52' title="bbox 565 4017 1465 4095; baseline 0.001 -16"><span class='ocrx_word' id='word_1_423' title='bbox 565 4017 628 4095; x_wconf 76' lang='lat'><strong>3,</strong></span> <span class='ocrx_word' id='word_1_424' title='bbox 670 4028 833 4080; x_wconf 90' lang='lat'><strong>1—2.</strong></span> <span class='ocrx_word' id='word_1_425' title='bbox 869 4030 1096 4082; x_wconf 84' lang='lat' dir='ltr'><strong>addider.</strong></span> <span class='ocrx_word' id='word_1_426' title='bbox 1122 4032 1170 4081; x_wconf 90' lang='lat' dir='ltr'><strong>in</strong></span> <span class='ocrx_word' id='word_1_427' title='bbox 1191 4030 1465 4082; x_wconf 83' lang='lat' dir='ltr'><strong>Riicksicht</strong></span> 
     </span>
    </p>
   </div>
   <div class='ocr_carea' id='block_1_9' title="bbox 1568 2940 2591 4096">
    <p class='ocr_par' dir='ltr' id='par_1_15' title="bbox 1568 2940 2591 3964">
     <span class='ocr_line' id='line_1_53' title="bbox 1578 2940 2591 3007; baseline -0.002 -17"><span class='ocrx_word' id='word_1_428' title='bbox 1578 2942 1666 2991; x_wconf 89' lang='lat' dir='ltr'><strong>das</strong></span> <span class='ocrx_word' id='word_1_429' title='bbox 1689 2941 1949 3007; x_wconf 87' lang='lat' dir='ltr'><strong>imperium</strong></span> <span class='ocrx_word' id='word_1_430' title='bbox 1973 2957 2110 2991; x_wconf 90' lang='lat' dir='ltr'><strong>cons.</strong></span> <span class='ocrx_word' id='word_1_431' title='bbox 2136 2942 2211 2991; x_wconf 87' lang='lat' dir='ltr'><strong>sei</strong></span> <span class='ocrx_word' id='word_1_432' title='bbox 2241 2957 2299 2991; x_wconf 86' lang='lat' dir='ltr'><strong>er</strong></span> <span class='ocrx_word' id='word_1_433' title='bbox 2329 2940 2458 2990; x_wconf 85' lang='lat' dir='ltr'><strong>dazu</strong></span> <span class='ocrx_word' id='word_1_434' title='bbox 2494 2940 2591 3001; x_wconf 44' lang='lat' dir='ltr'><strong>ber</strong></span> 
     </span>
     <span class='ocr_line' id='line_1_54' title="bbox 1577 3006 2578 3073; baseline 0 -15"><span class='ocrx_word' id='word_1_435' title='bbox 1577 3010 1809 3073; x_wconf 83' lang='lat' dir='ltr'><strong>rechtigt,</strong></span> <span class='ocrx_word' id='word_1_436' title='bbox 1835 3009 2042 3060; x_wconf 82' lang='lat' dir='ltr'><strong>bediirfe</strong></span> <span class='ocrx_word' id='word_1_437' title='bbox 2067 3011 2195 3059; x_wconf 86' lang='lat' dir='ltr'><strong>dazu</strong></span> <span class='ocrx_word' id='word_1_438' title='bbox 2221 3010 2356 3058; x_wconf 87' lang='lat' dir='ltr'><strong>nicht</strong></span> <span class='ocrx_word' id='word_1_439' title='bbox 2379 3009 2460 3059; x_wconf 84' lang='lat' dir='ltr'><strong>die</strong></span> <span class='ocrx_word' id='word_1_440' title='bbox 2480 3006 2578 3058; x_wconf 85' lang='lat' dir='ltr'><strong>Ge-</strong></span> 
     </span>
     <span class='ocr_line' id='line_1_55' title="bbox 1576 3076 2579 3141; baseline -0.002 -14"><span class='ocrx_word' id='word_1_441' title='bbox 1576 3078 1875 3141; x_wconf 81' lang='lat' dir='ltr'><strong>nehmigung</strong></span> <span class='ocrx_word' id='word_1_442' title='bbox 1898 3079 1985 3127; x_wconf 87' lang='lat' dir='ltr'><strong>des</strong></span> <span class='ocrx_word' id='word_1_443' title='bbox 2011 3077 2249 3140; x_wconf 82' lang='lat' dir='ltr'><strong>Senates,</strong></span> <span class='ocrx_word' id='word_1_444' title='bbox 2276 3076 2431 3127; x_wconf 85' lang='lat' dir='ltr'><strong>sowie</strong></span> <span class='ocrx_word' id='word_1_445' title='bbox 2456 3077 2579 3126; x_wconf 86' lang='lat' dir='ltr'><strong>auch</strong></span> 
     </span>
     <span class='ocr_line' id='line_1_56' title="bbox 1577 3144 2578 3211; baseline -0.001 -17"><span class='ocrx_word' id='word_1_446' title='bbox 1577 3145 1655 3195; x_wconf 88' lang='lat' dir='ltr'><strong>die</strong></span> <span class='ocrx_word' id='word_1_447' title='bbox 1688 3144 1944 3196; x_wconf 88' lang='lat' dir='ltr'><strong>Tribunen</strong></span> <span class='ocrx_word' id='word_1_448' title='bbox 1978 3145 2123 3196; x_wconf 83' lang='lat' dir='ltr'><strong>keine</strong></span> <span class='ocrx_word' id='word_1_449' title='bbox 2156 3146 2465 3211; x_wconf 86' lang='lat' dir='ltr'><strong>Einsprache</strong></span> <span class='ocrx_word' id='word_1_450' title='bbox 2496 3160 2578 3193; x_wconf 84' lang='lat' dir='ltr'><strong>er·</strong></span> 
     </span>
     <span class='ocr_line' id='line_1_57' title="bbox 1575 3213 2578 3277; baseline 0 -15"><span class='ocrx_word' id='word_1_451' title='bbox 1575 3214 1732 3263; x_wconf 86' lang='lat' dir='ltr'><strong>heheu</strong></span> <span class='ocrx_word' id='word_1_452' title='bbox 1753 3215 1973 3264; x_wconf 82' lang='lat' dir='ltr'><strong>konnten</strong></span> <span class='ocrx_word' id='word_1_453' title='bbox 1987 3216 2081 3264; x_wconf 87' lang='lat' dir='ltr'><strong>wie</strong></span> <span class='ocrx_word' id='word_1_454' title='bbox 2100 3229 2258 3277; x_wconf 82' lang='lat' dir='ltr'><strong>gegen</strong></span> <span class='ocrx_word' id='word_1_455' title='bbox 2272 3215 2370 3276; x_wconf 90' lang='lat' dir='ltr'><strong>die,</strong></span> <span class='ocrx_word' id='word_1_456' title='bbox 2388 3213 2578 3262; x_wconf 79' lang='lat' dir='ltr'><strong>welche</strong></span> 
     </span>
     <span class='ocr_line' id='line_1_58' title="bbox 1576 3281 2576 3347; baseline -0.001 -16"><span class='ocrx_word' id='word_1_457' title='bbox 1576 3282 1624 3331; x_wconf 89' lang='lat' dir='ltr'><strong>in</strong></span> <span class='ocrx_word' id='word_1_458' title='bbox 1668 3282 1760 3332; x_wconf 85' lang='lat' dir='ltr'><strong>der</strong></span> <span class='ocrx_word' id='word_1_459' title='bbox 1796 3282 1942 3333; x_wconf 85' lang='lat' dir='ltr'><strong>Stadt</strong></span> <span class='ocrx_word' id='word_1_460' title='bbox 1982 3282 2311 3347; x_wconf 86' lang='lat' dir='ltr'><strong>triumphiren</strong></span> <span class='ocrx_word' id='word_1_461' title='bbox 2355 3281 2576 3331; x_wconf 87' lang='lat' dir='ltr'><strong>wollten.</strong></span> 
     </span>
     <span class='ocr_line' id='line_1_59' title="bbox 1573 3350 2578 3415; baseline -0.003 -14"><span class='ocrx_word' id='word_1_462' title='bbox 1573 3377 1642 3386; x_wconf 92' lang='lat'><strong>-·-</strong></span> <span class='ocrx_word' id='word_1_463' title='bbox 1657 3351 1881 3415; x_wconf 68' lang='lat' dir='ltr'><strong>multer„</strong></span> <span class='ocrx_word' id='word_1_464' title='bbox 1908 3350 1965 3400; x_wconf 90' lang='lat' dir='ltr'><strong>L.</strong></span> <span class='ocrx_word' id='word_1_465' title='bbox 1989 3351 2148 3401; x_wconf 86' lang='lat' dir='ltr'><strong>selbst</strong></span> <span class='ocrx_word' id='word_1_466' title='bbox 2172 3351 2258 3400; x_wconf 83' lang='lat' dir='ltr'><strong>hat</strong></span> <span class='ocrx_word' id='word_1_467' title='bbox 2276 3366 2369 3400; x_wconf 91' lang='lat' dir='ltr'><strong>nur</strong></span> <span class='ocrx_word' id='word_1_468' title='bbox 2386 3350 2578 3413; x_wconf 83' lang='lat' dir='ltr'><strong>wenige</strong></span> 
     </span>
     <span class='ocr_line' id='line_1_60' title="bbox 1576 3417 2573 3485; baseline -0.004 -17"><span class='ocrx_word' id='word_1_469' title='bbox 1576 3419 1827 3485; x_wconf 65' lang='lat' dir='ltr'><strong>erwiihnt‚</strong></span> <span class='ocrx_word' id='word_1_470' title='bbox 1864 3434 1904 3468; x_wconf 88' lang='lat' dir='ltr'><strong>s.</strong></span> <span class='ocrx_word' id='word_1_471' title='bbox 1933 3417 2023 3483; x_wconf 89' lang='grc'><strong>26,</strong></span> <span class='ocrx_word' id='word_1_472' title='bbox 2058 3417 2149 3482; x_wconf 92' lang='grc'><strong>21,</strong></span> <span class='ocrx_word' id='word_1_473' title='bbox 2175 3419 2234 3480; x_wconf 78' lang='lat'><strong>63</strong></span> <span class='ocrx_word' id='word_1_474' title='bbox 2270 3418 2361 3478; x_wconf 88' lang='grc'><strong>42,</strong></span> <span class='ocrx_word' id='word_1_475' title='bbox 2401 3418 2489 3483; x_wconf 91' lang='grc'><strong>21,</strong></span> <span class='ocrx_word' id='word_1_476' title='bbox 2518 3417 2573 3475; x_wconf 80' lang='lat'><strong>73</strong></span> 
     </span>
     <span class='ocr_line' id='line_1_61' title="bbox 1573 3485 2579 3550; baseline -0.003 -13"><span class='ocrx_word' id='word_1_477' title='bbox 1573 3486 1700 3537; x_wconf 83' lang='lat' dir='ltr'><strong>Plin.</strong></span> <span class='ocrx_word' id='word_1_478' title='bbox 1739 3488 1826 3546; x_wconf 83' lang='lat'><strong>15,</strong></span> <span class='ocrx_word' id='word_1_479' title='bbox 1862 3487 1953 3550; x_wconf 89' lang='grc'><strong>29,</strong></span> <span class='ocrx_word' id='word_1_480' title='bbox 1991 3486 2111 3536; x_wconf 73' lang='lat'>1262</span> <span class='ocrx_word' id='word_1_481' title='bbox 2153 3485 2213 3536; x_wconf 91' lang='lat' dir='ltr'><strong>L.</strong></span> <span class='ocrx_word' id='word_1_482' title='bbox 2245 3487 2373 3537; x_wconf 69' lang='lat' dir='ltr'><strong>Piso</strong></span> <span class='ocrx_word' id='word_1_483' title='bbox 2419 3485 2579 3537; x_wconf 74' lang='lat' dir='ltr'><strong>tradit</strong></span> 
     </span>
     <span class='ocr_line' id='line_1_62' title="bbox 1574 3554 2577 3623; baseline -0.001 -19"><span class='ocrx_word' id='word_1_484' title='bbox 1574 3555 1842 3623; x_wconf 67' lang='lat' dir='ltr'><strong>Papm‘um</strong></span> <span class='ocrx_word' id='word_1_485' title='bbox 1866 3555 2156 3619; x_wconf 83' lang='lat' dir='ltr'><strong>Masonem,</strong></span> <span class='ocrx_word' id='word_1_486' title='bbox 2223 3558 2279 3605; x_wconf 83' lang='lat' dir='ltr'><strong>ui</strong></span> <span class='ocrx_word' id='word_1_487' title='bbox 2295 3557 2503 3622; x_wconf 74' lang='lat' dir='ltr'><strong>primus</strong></span> <span class='ocrx_word' id='word_1_488' title='bbox 2524 3554 2577 3602; x_wconf 65' lang='lat' dir='ltr'><strong>m</strong></span> 
     </span>
     <span class='ocr_line' id='line_1_63' title="bbox 1572 3622 2579 3691; baseline 0 -19"><span class='ocrx_word' id='word_1_489' title='bbox 1572 3628 1745 3673; x_wconf 81' lang='lat' dir='ltr'><strong>monte</strong></span> <span class='ocrx_word' id='word_1_490' title='bbox 1767 3624 1965 3674; x_wconf 84' lang='lat' dir='ltr'><strong>Albano</strong></span> <span class='ocrx_word' id='word_1_491' title='bbox 2002 3626 2193 3691; x_wconf 82' lang='lat' dir='ltr'><strong>triump</strong></span> <span class='ocrx_word' id='word_1_492' title='bbox 2282 3625 2340 3673; x_wconf 50' lang='lat' dir='ltr'><strong>*it</strong></span> <span class='ocrx_word' id='word_1_493' title='bbox 2368 3623 2432 3673; x_wconf 85' lang='lat' dir='ltr'><strong>de</strong></span> <span class='ocrx_word' id='word_1_494' title='bbox 2458 3622 2579 3673; x_wconf 84' lang='lat' dir='ltr'><strong>Gor-</strong></span> 
     </span>
     <span class='ocr_line' id='line_1_64' title="bbox 1574 3691 2574 3753; baseline -0.003 -12"><span class='ocrx_word' id='word_1_495' title='bbox 1574 3694 1648 3742; x_wconf 74' lang='lat' dir='ltr'><strong>sis</strong></span> <span class='ocrx_word' id='word_1_496' title='bbox 1682 3698 1779 3741; x_wconf 82' lang='lat' dir='ltr'><strong>etc.</strong></span> <span class='ocrx_word' id='word_1_497' title='bbox 1814 3719 1883 3729; x_wconf 90' lang='lat'><strong>——</strong></span> <span class='ocrx_word' id='word_1_498' title='bbox 1911 3691 2100 3742; x_wconf 61' lang='lat' dir='ltr'><strong>claron</strong></span> <span class='ocrx_word' id='word_1_499' title='bbox 2134 3694 2320 3753; x_wconf 59' lang='lat' dir='ltr'><strong>viror„</strong></span> <span class='ocrx_word' id='word_1_500' title='bbox 2363 3691 2490 3741; x_wconf 76' lang='lat' dir='ltr'><strong>fehlt</strong></span> <span class='ocrx_word' id='word_1_501' title='bbox 2529 3691 2574 3739; x_wconf 86' lang='lat' dir='ltr'><strong>in</strong></span> 
     </span>
     <span class='ocr_line' id='line_1_65' title="bbox 1574 3758 2578 3826; baseline -0.002 -18"><span class='ocrx_word' id='word_1_502' title='bbox 1574 3760 1665 3808; x_wconf 89' lang='lat' dir='ltr'><strong>der</strong></span> <span class='ocrx_word' id='word_1_503' title='bbox 1681 3759 1847 3810; x_wconf 86' lang='lat' dir='ltr'><strong>Bamb.</strong></span> <span class='ocrx_word' id='word_1_504' title='bbox 1868 3760 2003 3826; x_wconf 68' lang='lat' dir='ltr'><strong>Hds,</strong></span> <span class='ocrx_word' id='word_1_505' title='bbox 2022 3760 2126 3823; x_wconf 89' lang='lat' dir='ltr'><strong>vgl.</strong></span> <span class='ocrx_word' id='word_1_506' title='bbox 2145 3760 2231 3821; x_wconf 88' lang='grc'><strong>45,</strong></span> <span class='ocrx_word' id='word_1_507' title='bbox 2250 3759 2330 3825; x_wconf 87' lang='grc'><strong>38,</strong></span> <span class='ocrx_word' id='word_1_508' title='bbox 2351 3759 2409 3808; x_wconf 88' lang='lat'><strong>4:</strong></span> <span class='ocrx_word' id='word_1_509' title='bbox 2428 3758 2578 3809; x_wconf 61' lang='lat' dir='ltr'><strong>ntulit*</strong></span> 
     </span>
     <span class='ocr_line' id='line_1_66' title="bbox 1571 3828 2574 3893; baseline 0 -16"><span class='ocrx_word' id='word_1_510' title='bbox 1571 3854 1640 3864; x_wconf 87' lang='lat'><strong>—</strong></span> <span class='ocrx_word' id='word_1_511' title='bbox 1670 3831 1825 3893; x_wconf 76' lang='lat' dir='ltr'><strong>etiam</strong></span> <span class='ocrx_word' id='word_1_512' title='bbox 1863 3830 1919 3879; x_wconf 78' lang='lat' dir='ltr'><strong>in</strong></span> <span class='ocrx_word' id='word_1_513' title='bbox 1950 3833 2122 3880; x_wconf 83' lang='lat' dir='ltr'><strong>monte</strong></span> <span class='ocrx_word' id='word_1_514' title='bbox 2152 3828 2354 3879; x_wconf 79' lang='lat' dir='ltr'><strong>Albano</strong></span> <span class='ocrx_word' id='word_1_515' title='bbox 2395 3830 2574 3879; x_wconf 73' lang='lat' dir='ltr'><strong>trium—</strong></span> 
     </span>
     <span class='ocr_line' id='line_1_67' title="bbox 1568 3897 1811 3964; baseline -0.008 -16"><span class='ocrx_word' id='word_1_516' title='bbox 1568 3897 1811 3964; x_wconf 73' lang='lat' dir='ltr'><strong>pharunt.</strong></span> 
     </span>
    </p>

    <p class='ocr_par' dir='ltr' id='par_1_16' title="bbox 1572 3964 2573 4096">
     <span class='ocr_line' id='line_1_68' title="bbox 1639 3964 2573 4030; baseline 0 -17"><span class='ocrx_word' id='word_1_517' title='bbox 1639 3964 1806 4014; x_wconf 86' lang='lat'>4—7.</span> <span class='ocrx_word' id='word_1_518' title='bbox 1859 3965 2231 4030; x_wconf 62' lang='lat' dir='ltr'><strong>Cenomanisq„</strong></span> <span class='ocrx_word' id='word_1_519' title='bbox 2282 3966 2410 4021; x_wconf 75' lang='lat' dir='ltr'><strong>weil⁴</strong></span> <span class='ocrx_word' id='word_1_520' title='bbox 2440 3965 2573 4014; x_wconf 81' lang='lat' dir='ltr'><strong>‹liese</strong></span> 
     </span>
     <span class='ocr_line' id='line_1_69' title="bbox 1572 4032 2571 4096; baseline -0.001 -15"><span class='ocrx_word' id='word_1_521' title='bbox 1572 4033 1878 4096; x_wconf 81' lang='lat' dir='ltr'><strong>wenigstens</strong></span> <span class='ocrx_word' id='word_1_522' title='bbox 1905 4034 2009 4084; x_wconf 90' lang='lat' dir='ltr'><strong>sich</strong></span> <span class='ocrx_word' id='word_1_523' title='bbox 2035 4033 2380 4084; x_wconf 82' lang='lat' dir='ltr'><strong>unterworfen</strong></span> <span class='ocrx_word' id='word_1_524' title='bbox 2401 4032 2571 4096; x_wconf 79' lang='lat' dir='ltr'><strong>haben,</strong></span> 
     </span>
    </p>
   </div>
   <div class='ocr_carea' id='block_1_10' title="bbox 2835 2230 2844 3162">
    <p class='ocr_par' dir='ltr' id='par_1_17' title="bbox 2835 2230 2844 3162">
     <span class='ocr_line' id='line_1_70' title="bbox 2835 2230 2844 3162; baseline 0 0"><span class='ocrx_word' id='word_1_525' title='bbox 2835 2230 2844 3162; x_wconf 95' lang='lat' dir='ltr'><strong> </strong></span> 
     </span>
    </p>
   </div>
   <div class='ocr_carea' id='block_1_11' title="bbox 2835 3313 2846 4191">
    <p class='ocr_par' dir='ltr' id='par_1_18' title="bbox 2835 3313 2846 4191">
     <span class='ocr_line' id='line_1_71' title="bbox 2835 3313 2846 4191; baseline 0 0"><span class='ocrx_word' id='word_1_526' title='bbox 2835 3313 2846 4191; x_wconf 95' lang='lat' dir='ltr'><strong> </strong></span> 
     </span>
    </p>
   </div>
  </div>
 </body>
</html>
