2861 4550
244 403 286 434 a.
302 391 389 434 ch.
406 391 502 432 200.

940 374 1133 428 Lmen
1166 374 1363 428 xxxl.
1416 374 1557 427 GAP.
1584 374 1668 427 25.
2269 380 2353 440 45

243 531 391 594 bant
419 531 494 593 de
521 529 671 592 hello
698 529 977 592 adversus
1006 530 1234 602 Nabim,
1263 538 1576 609 tyrannum
1607 529 2226 603 Lacedaemoniorum,
2258 530 2356 610 qui
2397 540 2428 590 3

244 617 458 679 tralato
487 615 732 695 imperio
762 635 795 676 a
817 615 1273 696 Philopoemene
1297 616 1370 676 ad
1391 615 1740 695 Cycliadam,
1766 632 2133 696 nequaquam
2155 633 2358 695 parem

248 701 335 762 illi
380 701 613 775 ducem,
658 700 884 780 dilapsa
934 718 1181 763 cernens
1220 698 1583 761 Achaeorum
1635 699 1839 761 auxilia
1879 702 2362 779 redintegraverat

245 785 465 847 bellum
513 802 801 866 agrosque
843 786 1230 848 finitimorum
1274 785 1541 847 vastabat
1583 792 1644 846 et
1689 785 1804 846 iam
1841 784 2085 847 urbibus
2124 804 2359 866 quoque

248 879 378 932 erat
411 870 704 932 terribilis.
764 871 1039 934 adversus
1077 871 1236 933 hunc
1273 871 1507 931 hostem
1545 888 1680 931 cum
1721 878 2001 948 quantum
2034 890 2104 932 ex
2133 889 2359 950 quaque
2399 879 2434 929 4

250 956 476 1021 civitate
513 956 762 1017 militum
803 957 1152 1019 scriberetur
1184 957 1604 1027 consultarent,
1646 954 1952 1035 Philippus
1984 955 2359 1035 dempturum

251 1060 317 1102 se
345 1041 429 1102 eis
461 1059 691 1115 curam,
727 1042 885 1121 quod
914 1043 983 1103 ad
1016 1041 1225 1103 Nabim
1257 1049 1314 1102 et
1341 1038 1832 1101 Lacedaemonios
1862 1040 2154 1113 attineret,
2186 1041 2359 1120 polli-

248 1125 401 1187 citus
438 1142 550 1189 nec
586 1134 813 1188 tantum
851 1144 1023 1208 agros
1063 1126 1360 1188 sociorum
1394 1124 1874 1207 populationibus
1902 1125 2356 1204 prohibiturum,
2403 1139 2432 1187 5

248 1211 352 1272 sed
384 1219 668 1272 terrorem
699 1230 937 1273 omnem
959 1211 1089 1273 belli
1111 1212 1172 1273 in
1192 1212 1385 1290 ipsam
1404 1210 1750 1272 Laconicam
1774 1210 1949 1271 ducto
1973 1230 2044 1271 eo
2069 1212 2358 1293 extemplo

246 1296 505 1358 exercitu
542 1297 902 1358 tralaturum.
959 1297 1104 1358 haec
1141 1297 1326 1358 oratio
1358 1313 1493 1356 cum
1522 1295 1741 1373 ingenti
1769 1295 2020 1356 adsensu
2049 1296 2359 1358 hominum
2402 1301 2433 1351 6

245 1381 637 1461 acciperetur,
676 1382 796 1454 „ita
827 1390 1021 1443 tamen
1052 1399 1302 1461 aequum
1330 1386 1458 1440 est“
1487 1380 1674 1459 inquit
1702 1399 1835 1453 „me
1863 1389 2057 1441 vestra
2086 1381 2234 1442 meis
2263 1400 2361 1443 ar-

200 1506 205 1519 ·
247 1466 366 1527 mis
395 1466 597 1540 tutari,
637 1483 712 1526 ne
741 1485 871 1528 mea
898 1466 1129 1528 interim
1161 1465 1458 1527 nudentur
1485 1463 1810 1545 praesidiis.
1871 1466 2086 1545 itaque,
2117 1466 2166 1527 si
2191 1467 2360 1529 vobis
2404 1475 2432 1524 7

247 1550 496 1625 videtur,
527 1559 756 1613 tantum
784 1561 983 1631 parate
1012 1550 1276 1623 militum,
1307 1557 1589 1631 quantum
1616 1551 1688 1612 ad
1710 1549 1926 1611 Oreum
1950 1560 2007 1611 et
2029 1551 2361 1615 Chalcidem

252 1643 313 1696 et
335 1636 683 1699 Corinthum
711 1637 925 1697 tuenda
956 1636 1095 1698 satis
1127 1635 1219 1709 sit,
1247 1643 1316 1697 ut
1343 1635 1490 1696 meis
1522 1635 1593 1696 ab
1626 1642 1785 1713 tergo
1812 1635 1951 1696 tutis
1974 1654 2212 1697 securus
2236 1637 2361 1698 bel-

252 1721 380 1782 lum
405 1721 612 1782 Nabidi
641 1720 882 1782 inferam
911 1730 968 1782 et
987 1720 1520 1783 LacedaemoniiS.“
1569 1738 1692 1780 non
1723 1719 1917 1780 fefellit
1937 1721 2214 1795 AchaeoS,
2245 1738 2361 1800 quo
2404 1728 2435 1779 8

256 1814 587 1884 spectasset
611 1813 729 1867 tam
757 1806 1003 1885 benigna
1033 1805 1366 1885 pollicitatio
1393 1804 1781 1884 auxiliumque
1803 1804 2061 1867 oblatum
2085 1807 2362 1868 adversus

256 1890 778 1952 Lacedaemonios:
828 1891 887 1953 id
924 1892 1149 1971 quaeri,
1196 1899 1261 1952 ut
1300 1890 1566 1951 obsidem
1605 1891 1968 1951 Achaeorum
2006 1891 2363 1953 iuventutem

256 1974 531 2039 educeret
574 1995 643 2036 ex
682 1976 1090 2057 Peloponneso
1130 1977 1200 2037 ad
1243 1976 1577 2056 illigandam
1617 1975 1883 2037 Romano
1923 1975 2073 2037 bello
2111 1986 2361 2055 gentem.
2404 1985 2436 2035 9

256 2067 311 2120 et
334 2059 395 2123 id
417 2054 648 2141 tiuidem
674 2079 989 2140 coarguere
1005 2061 1295 2143 Cycliadas
1320 2069 1557 2139 praetor
1571 2061 1934 2122 Achaeorum
1956 2061 2099 2123 nihil
2120 2062 2366 2124 attinere

254 2152 417 2207 ratus
454 2146 514 2208 id
551 2145 731 2207 modo
771 2166 905 2209 cum
946 2147 1215 2220 dixisset,
1253 2165 1378 2208 non
1416 2146 1589 2208 licere
1629 2146 1851 2225 legibus
1891 2147 2259 2209 Achaeorum
2294 2147 2366 2209 de

325 2328 373 2377 3.
406 2326 607 2392 Nabim,
630 2344 673 2380 s.
693 2328 776 2393 29,
800 2329 879 2393 12,
909 2329 999 2392 143
1025 2329 1107 2392 32,
1134 2328 1260 2382 38ff.

254 2398 328 2446 im
363 2398 473 2448 erio
504 2411 562 2447 er
593 2412 703 2447 war
734 2397 943 2459 Strateg
973 2398 1260 2460 geworden.

255 2479 291 2514 a
355 2465 524 2532 hilqp„
537 2480 637 2514 von
648 2464 835 2514 diesem
854 2479 1143 2527 genommen
1162 2465 1261 2515 und

256 2557 326 2569 ——
352 2532 716 2595 iihergctrngen
751 2533 905 2582 durch
939 2533 1019 2582 die
1048 2531 1260 2596 Aehiier,

259 2615 302 2649 s.
338 2600 394 2661 5,
431 2598 523 2662 25,
557 2599 615 2661 73
655 2600 746 2663 21,
772 2601 830 2661 5,
855 2599 904 2649 4.
929 2628 995 2636 -
1023 2599 1259 2667 Cycliad„

261 2665 341 2730 27,
362 2666 444 2728 31,
465 2667 544 2717 10.
566 2694 634 2704 -
653 2667 850 2735 dilapsa
866 2668 967 2717 sich
987 2676 1257 2732 zerstreut,

257 2733 518 2786 verlanl’cn
543 2735 696 2800 hatte,
716 2737 902 2786 anders
921 2735 999 2799 21,
1021 2735 1102 2801 32,
1127 2736 1188 2786 10
1208 2752 1257 2786 u.

257 2803 1259 2935 {¹3‹sssshffi‘i'f’ssissffhaissffiiii‘⁸533ss

702 2909 716 2935 2
1041 2908 1055 2935 2

258 2938 379 2989 Jahr
400 2940 587 2990 verber
610 2939 995 2990 nachdriicklich
1017 2953 1117 2991 von
1142 2941 1259 2992 Phi·

258 3006 516 3071 lopoemen
560 3007 860 3071 geschlagen
896 3008 1099 3058 worden
1138 3022 1256 3073 war,

260 3089 302 3124 s.
326 3074 503 3140 Polyb.
533 3074 611 3141 16,
637 3074 728 3138 36,
755 3076 862 3125 sich
889 3075 1033 3139 ruhig
1057 3076 1258 3126 verbal-

258 3148 339 3192 ten
370 3144 564 3208 werde,
601 3144 708 3192 ihre
741 3143 1179 3206 Miethssoldaten,
1214 3158 1258 3193 s·

256 3208 349 3273 33,
397 3210 482 3276 15,
527 3210 585 3274 3,
631 3211 914 3272 entlassen3
958 3211 1081 3261 aher
1113 3211 1260 3262 kaum

258 3278 395 3327 hatte
414 3278 760 3344 Philopoemen
779 3280 868 3329 das
887 3279 1261 3342 Sti-etegenamt

259 3344 616 3410 niedergelegt,
635 3362 691 3395 so
713 3354 924 3397 eruente
943 3347 1036 3397 der
1053 3346 1258 3413 Tyr-ann

258 3411 399 3530 8ῦείἶο
448 3411 714 3478 Raubziige
767 3416 815 3464 in
864 3415 951 3465 das
999 3416 1258 3465 achiiische

309 3495 336 3529 e
374 3479 458 3529 iet.

326 3546 496 3599 4-7,
546 3551 794 3614 quantum
816 3567 888 3615 q.,
918 3551 1022 3614 vgl.
1051 3550 1137 3611 33,
1180 3550 1257 3615 14,

263 3615 350 3677 103
375 3615 458 3680 34,
483 3614 566 3678 24,
589 3617 635 3680 7,
660 3642 730 3654 —
749 3618 884 3682 quod
897 3622 991 3681 att,
1011 3633 1051 3667 S.
1071 3618 1152 3681 33,
1178 3618 1261 3683 45,

261 3683 308 3745 2,
332 3700 396 3734 zu
428 3683 517 3749 23,
540 3684 630 3747 25,
657 3683 706 3733 4.
728 3710 799 3719 -
823 3689 1007 3736 terror.
1044 3701 1257 3749 omnem,

261 3767 303 3802 ε.
320 3768 364 3802 c.
382 3752 462 3818 22,
485 3755 534 3802 6.
556 3779 628 3789 —
647 3753 928 3815 homimem,
952 3753 1049 3803 wie
1067 3753 1115 3801 in
1137 3752 1259 3802 Rom

263 3836 356 3869 von
380 3820 475 3870 den
500 3820 806 3882 Senator-en,
833 3819 890 3881 6,
920 3819 1003 3884 15,
1033 3820 1082 3885 1,
1108 3821 1168 3870 da
1195 3836 1259 3870 zu

261 3889 353 3938 den
404 3889 929 3939 ausserordentlichen
971 3888 1258 3938 Versamm-

260 3955 440 4019 langen
485 3957 797 4020 gewiihnlich
840 3957 977 4007 nicht
1018 3971 1074 4006 so
1125 3957 1257 4006 viele

262 4023 464 4089 Biirger,
489 4040 530 4075 s.
551 4025 633 4089 32,
652 4024 734 4089 20,
755 4025 783 4074 7
806 4025 1115 4090 erschienen,
1135 4025 1258 4075 auch

1367 2329 1469 2379 wol
1493 2344 1587 2378 nur
1605 2328 1861 2382 Gesandte
1878 2345 1968 2380 aus
1986 2331 2080 2380 den
2106 2330 2367 2381 einzelnen

1368 2396 1576 2447 Staaten
1622 2396 1829 2448 bernfen
1863 2400 2093 2463 wurden,
2135 2400 2237 2463 vgl.
2282 2397 2365 2462 32,

1365 2464 1448 2527 22,
1468 2463 1517 2514 2.
1542 2491 1608 2501 ——
1632 2468 1709 2516 ita
1728 2493 1799 2503 --
1819 2479 1884 2516 ne
1906 2466 2299 2531 beschriinkend,
2326 2482 2367 2517 ε.

1368 2533 1451 2596 26,
1469 2531 1553 2596 28,
1578 2532 1665 2594 133
1693 2534 1777 2598 22,
1797 2533 1877 2598 61,
1898 2533 1958 2596 63
1986 2535 2066 2596 35,
2094 2535 2172 2600 31,
2201 2536 2259 2596 ’ῖς
2284 2533 2362 2601 38,

1369 2600 1425 2664 4,
1453 2600 1499 2668 6,
1526 2618 1572 2650 u.
1598 2616 1643 2651 a.
1669 2628 1737 2639 —-
1759 2607 1933 2652 vestra
1953 2632 2022 2640 -—
2042 2619 2182 2668 mea,
2223 2604 2365 2653 Besi-

1366 2675 1599 2734 tzungen,
1626 2668 1838 2734 Liinder,
1865 2670 1912 2729 7,
1928 2669 2064 2734 31,3.
2085 2698 2155 2707 -—
2181 2671 2367 2722 Oreum

1365 2744 1463 2788 etc.
1490 2738 1723 2801 wichtigc
1751 2737 2061 2802 Festungen,
2096 2755 2137 2787 s.
2165 2738 2256 2799 33,
2283 2737 2364 2799 31,

1364 2805 1412 2854 3.
1447 2832 1516 2842 —-
1540 2808 1665 2856 tutis
1698 2832 1767 2842 --
1799 2820 2037 2867 securus,
2074 2807 2164 2856 der
2185 2805 2368 2857 Unter-

1366 2873 1537 2923 schied
1562 2874 1677 2924 tritt
1702 2873 1809 2922 hier
1834 2873 2051 2924 deutlich
2075 2875 2278 2923 hervor.

1434 2940 1603 2990 8—9.
1650 2940 1849 3004 fefellit
1865 2947 1980 3001 etc„
2006 2941 2247 3004 ohgleich,
2272 2940 2367 2990 wie

1366 3011 1568 3057 tantum
1608 3033 1677 3042 —
1719 3010 1966 3072 quantum
1995 3035 2064 3043 —-
2095 3012 2166 3058 sit
2214 3009 2367 3072 zeigt‚

1366 3073 1493 3124 Phil.
1530 3075 1611 3124 die
1642 3080 1924 3136 genannten
1949 3073 2235 3140 Festungen
2272 3078 2369 3127 den

1364 3143 1594 3191 Ach'aern
1633 3149 1965 3192 auvertrauen
2001 3144 2132 3210 will,
2174 3160 2231 3195 so
2278 3146 2368 3194 sah

1364 3225 1475 3259 man
1501 3211 1650 3271 doch,
1675 3211 1792 3260 dass
1818 3225 1877 3259 er
1900 3227 1996 3260 nur
2020 3212 2100 3261 die
2124 3213 2172 3261 in
2196 3216 2259 3262 ut
2282 3215 2367 3263 ob-

1364 3278 1531 3329 sidem
1540 3285 1637 3328 etc.
1658 3278 1980 3329 bezeichnete
1993 3280 2197 3330 Absicht
2214 3282 2367 3343 hatte,

1366 3361 1407 3395 s.
1442 3347 1618 3396 Flathe
1646 3346 1703 3411 2,
1738 3346 1855 3396 245.
1876 3372 1945 3384 -—
1970 3348 2195 3397 obsidem
2217 3371 2287 3391 ==
2309 3352 2371 3398 ut

1366 3417 1512 3465 obses
1537 3419 1694 3476 esset,
1736 3414 1823 3465 hat
1853 3415 1957 3464 sich
1981 3430 2042 3465 an
2071 3416 2159 3466 das
2183 3416 2368 3467 collec-

1363 3482 1469 3532 tive
1508 3486 1819 3533 iuventutem
1860 3484 2266 3546 angeschlossen.
2300 3512 2368 3521 —

1361 3549 1533 3616 inlig„
1566 3550 1911 3612 verstricken‚
1949 3567 1991 3601 s.
2019 3550 2112 3614 32,
2143 3551 2235 3615 22,
2274 3551 2367 3612 113

1363 3618 1447 3681 45,
1476 3618 1557 3681 25,
1579 3618 1610 3669 9
1628 3634 1678 3667 u.
1699 3618 1801 3680 σῆς
1828 3617 1907 3668 die
1926 3618 2125 3668 Achfier
2142 3619 2366 3682 obgleich

1363 3685 1412 3734 in
1437 3685 1713 3735 vielfacher
1734 3686 2017 3750 Beziehnng
2048 3703 2146 3737 von
2173 3686 2365 3737 Maced.

1364 3753 1631 3816 abbiingig,
1666 3768 1707 3803 s.
1732 3753 1818 3818 32,
1846 3754 1902 3814 5,
1929 3754 1985 3819 4,
2011 3755 2231 3806 konnten
2256 3754 2365 3805 also
2409 3815 2412 3816 7

1365 3820 1585 3870 dariiber
1626 3820 1737 3870 eine
1777 3821 1906 3872 freie
1948 3823 2366 3883 Entschliessung

1364 3887 1550 3952 fassen,
1578 3887 1876 3953 32,19ff.—
1899 3890 1958 3941 id
1978 3891 2127 3956 quid„
2152 3891 2244 3940 der
2266 3888 2367 3940 Ge·

1366 3963 1577 4019 gensatz
1600 3956 1727 4007 dazu
1753 3957 1880 4020 licgt
1905 3958 2170 4022 cigentlich
2204 3958 2251 4006 in
2278 3956 2369 4007 de-

1365 4026 1697 4090 cretosa-cw,
1723 4026 1943 4075 welcher
1964 4027 2117 4075 durch
2140 4024 2198 4076 id
2215 4025 2367 4076 modo
