2861 4550
234 355 278 384 a.
304 342 396 384 ch.
421 340 527 381 193.
945 326 1136 380 LIBER
1170 326 1416 379 XXXIV.
1478 326 1619 381 cAP.
1645 326 1727 378 61.
1773 338 1776 342 “

239 483 365 545 sibi
397 480 478 543 ad
502 479 574 540 id
606 481 976 562 popularium
1009 480 1238 542 animos
1267 489 1426 543 ratus
1448 481 1687 555 litteras,
1719 501 1795 542 ne
1819 500 1934 561 quo
1971 501 2112 543 casu
2142 481 2389 543 interce-

243 577 391 649 ptae
433 565 638 646 palam
667 568 920 628 facerent
956 575 1177 642 conata,
1217 567 1469 629 scribere
1513 586 1637 628 non
1680 575 1774 646 est⁴
1802 586 2008 628 ausus:
2054 567 2389 628 Aristonem
2431 584 2461 633 2

248 652 568 734 quendam
594 652 834 732 Tyrium
864 660 1115 734 nanctus
1145 653 1381 733 Ephesi,
1412 660 1802 733 expertusque
1833 652 2130 713 solertiam
2162 653 2392 713 leviori-

178 806 181 809 ,
244 741 365 800 bus
402 735 785 812 ministeriiS,
815 738 1025 817 partim
1058 738 1225 799 donis
1256 738 1469 816 partim
1502 758 1606 818 spe
1637 739 2034 817 praemiorum
2067 746 2390 813 oneratum,

243 824 482 904 quibus
520 822 693 884 etiam
725 823 852 904 ipse
883 842 983 883 rex
1013 824 1312 894 adnuerat,
1342 824 1750 902 Carthaginem
1782 842 1914 884 cum
1940 824 2225 884 mandatis
2251 823 2389 883 mit-

245 912 347 984 tit3
397 907 530 969 edit
571 908 812 969 nomina
858 926 1090 980 eorum,
1133 908 1340 987 quibus
1386 909 1684 970 conventis
1732 927 1886 988 opus
1931 915 2112 983 esset3
2157 909 2393 969 instruit
2432 918 2462 967 3

246 995 438 1055 etiam
480 993 722 1054 secretis
753 993 937 1065 notiS,
980 1012 1087 1071 per
1117 1012 1259 1074 quas
1288 994 1444 1054 haud
1477 994 1650 1056 dubie
1679 1002 2062 1072 agnoscerent
2089 1013 2194 1055 sua
2221 1013 2390 1055 man-

245 1081 387 1141 data
440 1096 598 1138 esse.
653 1078 813 1139 hunc
853 1078 1183 1139 Aristonem
1223 1079 1564 1158 Carthagine
1609 1079 2015 1141 obversantem
2060 1097 2181 1140 non
2226 1079 2391 1159 prius
2435 1087 2467 1136 4

248 1164 435 1226 amici
465 1181 644 1242 quam
668 1163 887 1224 inimici
908 1163 1246 1224 Hannibalis
1271 1184 1383 1243 qua
1405 1164 1476 1224 de
1500 1182 1673 1226 causa
1694 1165 1946 1235 venisset
1972 1173 2389 1244 cognoverunt.

249 1259 310 1311 et
353 1251 563 1329 primo
605 1248 669 1314 in,
704 1248 932 1309 circulis
972 1249 1363 1328 conviviisque
1404 1249 1686 1311 celebrata
1728 1251 2098 1311 sermonibus
2137 1269 2229 1310 res
2274 1258 2392 1324 est,
2435 1264 2464 1311 5

249 1335 482 1396 deinde
513 1334 574 1394 in
607 1342 814 1396 senatu
846 1334 1079 1413 quidam
1111 1334 1253 1395 nihil
1285 1341 1477 1395 actum
1510 1355 1640 1396 esse
1671 1335 1862 1396 dicere
1893 1336 2064 1396 exilio
2096 1335 2391 1397 Hanniba·
2435 1348 2466 1396 6

245 1421 346 1494 lis,
382 1420 437 1481 si
473 1419 687 1480 absens
720 1437 952 1498 quoque
980 1437 1162 1479 novas
1195 1420 1386 1480 moliri
1418 1438 1512 1480 res
1544 1429 1600 1481 et
1630 1420 1995 1481 sollicitando
2026 1421 2254 1481 animos
2278 1422 2392 1481 ho-

248 1507 504 1567 minum
549 1504 782 1564 turbare
826 1512 1042 1565 statum
1087 1504 1330 1565 civitatis
1386 1512 1606 1582 posset.
1694 1505 2027 1565 Aristonem
2084 1506 2392 1584 quendam,
2435 1518 2463 1566 7

249 1591 516 1672 Tyrium
547 1589 843 1664 advenam,
873 1589 1223 1650 instructum
1253 1589 1542 1650 mandatis
1575 1590 1646 1650 ab
1679 1588 2001 1650 Hannibale
2031 1598 2087 1650 et
2108 1609 2243 1668 rege
2265 1592 2390 1650 An-
2558 1586 2561 1589 ’

247 1675 758 1748 tiochovenisse,
798 1682 990 1736 certos
1033 1674 1302 1741 homines
1344 1675 1556 1735 cotidie
1586 1693 1719 1735 cum
1749 1694 1819 1735 eo
1853 1684 2075 1736 secreta
2106 1676 2393 1754 colloquia

249 1781 494 1834 sereret,
532 1760 595 1820 in
627 1759 853 1822 occulto
888 1760 1080 1840 coqui,
1116 1761 1273 1838 quod
1304 1778 1444 1821 mox
1473 1761 1535 1820 in
1580 1759 1844 1821 omnium
1889 1760 2207 1840 perniciem
2254 1779 2389 1821 eru-

248 1858 513 1928 pturum
553 1853 728 1907 esset.
786 1846 1215 1907 conclamavere
1244 1864 1451 1906 omnes
1482 1845 1677 1907 vocari
1715 1845 2053 1906 Aristonem
2086 1846 2296 1907 debere
2336 1856 2393 1907 et
2434 1856 2464 1906 8

251 1933 501 2014 quaeri,
543 1931 679 2010 quid
720 1931 975 1991 venisset
1013 1939 1097 2005 et,
1136 1931 1253 1992 nisi
1295 1940 1689 2010 expromeret,
1733 1949 1865 1992 cum
1893 1931 2106 2009 ⁴legatis
2137 1932 2390 1993 Romam

250 2019 433 2080 mitti.
501 2016 640 2076 satis
683 2035 793 2094 pro
836 2017 1159 2077 temeritate
1189 2017 1363 2078 unius
1394 2017 1654 2078 hominis
1685 2016 2109 2096 suppliciorum
2140 2034 2391 2097 pensum

251 2123 409 2166 esse.
460 2101 728 2182 privatos
761 2120 868 2162 suo
900 2102 1156 2181 periculo
1189 2104 1562 2182 peccaturos3
1601 2122 1724 2163 rem
1756 2102 2045 2182 publicam
2077 2121 2200 2164 non
2232 2110 2391 2165 extra
2433 2117 2464 2166 9

251 2208 489 2252 noxam
519 2188 701 2248 modo
736 2187 1040 2255 sedetiam
1073 2196 1229 2249 extra
1262 2188 1477 2248 famam
1518 2206 1704 2249 noxae
1743 2190 2200 2250 conservandam
2242 2208 2388 2250 esse.
2425 2208 2429 2212 ·

251 2284 510 2337 vocatus
556 2272 794 2334 Ariston
838 2292 1086 2351 purgare
1130 2292 1263 2334 sese
1304 2281 1360 2333 et
1401 2273 1746 2334 firmissimo
1792 2274 2233 2354 propugnaculo
2287 2274 2389 2349 uti,
2436 2293 2498 2342 10

251 2362 418 2441 quod
452 2358 782 2420 litterarum
813 2357 958 2419 nihil
986 2358 1056 2419 ad
1087 2376 1442 2437 quemquam
1475 2358 1776 2419 attulisset.
1826 2367 2081 2420 ceterum
2111 2379 2221 2420 nec
2250 2379 2391 2422 cau-
2436 2377 2492 2426 11

250 2466 385 2508 sam
417 2443 713 2508 adventus
748 2443 887 2504 satis
919 2443 1255 2522 expediebat
1283 2453 1339 2508 et
1368 2444 1432 2504 in
1462 2463 1530 2504 eo
1563 2444 1816 2505 maxime
1852 2444 2194 2521 haesitabat,
2232 2446 2389 2525 quod

255 2551 393 2593 cum
421 2526 709 2592 Barcinae
739 2529 931 2595 solum
961 2528 1228 2590 factionis
1259 2529 1602 2590 hominibus
1636 2529 1988 2591 collocutum
2018 2550 2152 2599 eum
2183 2550 2389 2611 argue-

250 2618 418 2679 bant.
485 2621 611 2676 orta
650 2614 785 2675 inde
821 2614 1114 2676 altercatio
1155 2622 1245 2676 est
1275 2613 1403 2676 aliis
1434 2634 1544 2696 pro
1577 2617 1941 2696 speculatore
1972 2617 2391 2695 comprehendi
2436 2627 2496 2677 12

321 2760 433 2821 61.
479 2767 629 2817 2-5.
681 2770 889 2827 conata,
917 2766 998 2828 21,
1027 2767 1109 2832 50,
1127 2766 1183 2818 9.
1208 2797 1270 2805 —

248 2839 530 2898 Ariston„
571 2836 663 2886 der
696 2834 980 2900 Gegensatz
1017 2836 1088 2886 ist
1121 2836 1275 2886 durch

249 2906 332 2957 die
366 2904 757 2967 Wortstellung
797 2904 1086 2968 angezeigt,
1132 2912 1277 2955 sonst

250 2975 432 3025 wiirdc
481 2988 591 3022 man
632 2972 807 3023 literas
848 2972 1051 3038 quidem
1081 2999 1150 3008 —
1185 2971 1279 3023 sed

252 3048 534 3093 erwarten.
555 3068 624 3077 —-
653 3038 884 3108 Tyrium,
909 3039 1114 3090 Iustin.:
1138 3057 1275 3092 unus

251 3128 323 3161 em
346 3110 627 3162 comitibus
651 3111 778 3160 eius.
817 3126 908 3177 spe
936 3123 1017 3176 pr.
1045 3124 1155 3172 on„
1191 3109 1273 3172 29,

253 3177 338 3240 32,
370 3179 415 3230 1.
447 3203 516 3213 -—
538 3181 720 3228 secret.
755 3195 831 3242 n.,
870 3177 1006 3227 nicht
1039 3174 1276 3226 Geheim-

254 3247 470 3307 schrift,
496 3245 712 3310 sondern
736 3244 933 3308 Reden,
960 3245 1272 3296 Thatsachen

256 3330 305 3364 u.
335 3330 378 3366 s.
399 3327 490 3373 w„
517 3312 613 3377 die,
639 3313 735 3363 wie
754 3313 1024 3365 Hannibals
1044 3312 1275 3364 Freunde

258 3391 518 3440 wussten,
564 3397 659 3431 nur
691 3382 879 3432 diesem
921 3383 1141 3433 bekannt
1175 3398 1276 3432 wa-

259 3465 370 3501 ren.
396 3475 468 3487 -—
494 3450 708 3513 obversi„
736 3465 777 3499 s.
805 3449 887 3515 33,
913 3451 995 3514 47,
1026 3451 1115 3512 103
1150 3451 1276 3501 iiber

258 3517 339 3567 die
366 3517 653 3567 Attraction
688 3516 771 3581 33,
796 3519 879 3581 40,
907 3519 968 3579 ὃς
1007 3518 1197 3582 31,’27,
1224 3519 1274 3569 4.

1382 2768 1592 2819 consilia
1612 2795 1680 2805 -—
1712 2771 1910 2818 secreta
1947 2769 2009 2817 ab
2050 2766 2168 2818 aliis
2209 2784 2390 2834 coque-

1383 2838 1534 2899 bant5
1561 2835 1606 2901 8,
1634 2834 1681 2899 3,
1709 2835 1767 2896 23
1795 2835 1978 2885 anders
2004 2834 2052 2899 4,
2084 2835 2160 2897 15,
2189 2837 2242 2884 7:
2269 2852 2388 2886 con-

1383 2919 1612 2970 coquere.
1637 2931 1705 2939 —
1729 2903 1851 2969 quid
1879 2919 2016 2965 ven„
2053 2918 2093 2954 s.
2119 2902 2201 2964 31,
2229 2902 2311 2965 39,
2341 2904 2386 2953 1.

1380 3001 1450 3009 ——
1494 2971 1706 3040 supplic.
1751 2987 1998 3040 pensum,
2058 2970 2154 3020 wie
2197 2986 2390 3039 poenas

1375 3039 1615 3108 pendere.
1642 3069 1710 3077 —
1730 3043 1933 3108 privat„
1959 3040 2038 3089 die
2063 3039 2318 3088 Barciner.
2343 3072 2390 3079 -

1382 3125 1478 3159 suo
1563 3125 1663 3171 er.,
1714 3124 1754 3158 S.
1781 3108 1862 3171 32,
1889 3107 1970 3169 21,
2002 3108 2057 3169 1,
2107 3123 2199 3157 zur
2231 3106 2389 3158 Sache

1382 3177 1485 3240 vgl.
1551 3177 1593 3240 1,
1624 3176 1702 3240 18,
1729 3177 1786 3238 83
1811 3178 1876 3228 ib.
1906 3177 1984 3238 10,
2011 3175 2103 3226 6ff.
2135 3205 2203 3213 —
2236 3182 2392 3228 eaetra

1382 3262 1452 3306 c.,
1490 3247 1617 3295 ohne
1651 3245 1854 3296 ‘Antheil
1887 3261 1950 3295 an
1988 3245 2078 3294 der
2101 3245 2311 3308 Schuld,
2346 3262 2388 3295 s.

1384 3313 1485 3364 Cic.
1521 3313 1671 3365 Verr.
1711 3315 1756 3377 5,
1793 3314 1874 3373 51,
1914 3313 2031 3362 134:
2083 3317 2237 3363 eoetra
2282 3314 2390 3365 cul-

1376 3398 1528 3451 pam‚·
1574 3382 1700 3433 Sull.
1739 3382 1815 3441 13,
1844 3381 1932 3430 39:
1971 3386 2125 3431 extra
2155 3384 2390 3433 coniura-

1382 3455 1600 3510 tionenn
1624 3451 1702 3500 die
1728 3449 2127 3512 Wiederholuog
2150 3450 2240 3499 der
2264 3451 2388 3501 Prii-

256 3612 316 3622 —
351 3584 544 3644 eirena„
573 3602 617 3635 c.
644 3584 726 3648 37,
757 3586 810 3647 13
838 3586 916 3651 32,
944 3586 1025 3649 20,
1046 3586 1094 3636 3.

329 3652 486 3704 6-9,
520 3655 574 3704 in
598 3671 725 3718 sen„
753 3670 794 3705 8.
822 3655 851 3720 ἓ
881 3655 959 3718 15,
984 3655 1086 3718 vgl.
1114 3654 1197 3716 25,
1227 3656 1271 3720 1,

261 3721 310 3769 9.
337 3750 406 3760 —-
430 3723 482 3772 si
496 3723 679 3772 absens
704 3729 817 3783 etc„
846 3723 947 3786 vgl.
970 3721 1053 3787 21,
1078 3722 1155 3782 10,
1183 3722 1269 3773 12:

260 3788 537 3843 sollicitare
570 3792 770 3858 quietae
803 3795 999 3841 statum
1030 3792 1269 3843 civitatis.

258 3882 329 3890 -—
361 3856 481 3924 Tyr.
531 3860 673 3923 adv„
722 3858 966 3925 Appiam:
1016 3855 1044 3908 ἔ
1088 3875 1272 3928 πορον

264 3918 492 3992 Τύριον.
511 3956 577 3966 -—
602 3932 795 3991 certos,
830 3927 863 3994 ᾗ
892 3927 973 3978 11:
1061 3929 1272 3977 arc-inae

256 4016 326 4027 ·-
349 3994 597 4049 homine&
632 4025 699 4035 —
739 3999 906 4066 coqui,
955 4012 997 4046 s.
1026 3994 1073 4060 3,
1100 3994 1182 4059 36,
1209 3995 1265 4045 2:

1380 3536 1490 3586 pos.
1516 3520 1614 3568 wie
1640 3518 1723 3581 45,
1752 3518 1832 3581 10,
1862 3515 1922 3563 10
1947 3532 1995 3567 ιι.
2020 3532 2066 3567 a.

1451 3653 1666 3703 10—13.
1714 3656 1959 3718 Ariston,
1987 3653 2204 3705 dieselbe
2238 3654 2387 3704 Form

1380 3723 1537 3772 haben
1564 3721 1596 3786 ξ
1628 3721 1690 3770 14
1713 3722 1792 3771 die
1819 3722 2029 3772 meisten
2055 3723 2169 3773 Hss.
2196 3751 2260 3758 —-
2294 3723 2387 3781 fir-

1377 3792 1525 3841 miss.
1546 3804 1711 3858 prop„
1737 3806 1795 3840 er
1819 3792 1955 3841 hatte
1981 3792 2133 3841 daran
2158 3787 2386 3839 wirklich

1376 3875 1425 3908 u.
1455 3874 1495 3908 ε.
1521 3873 1605 3920 vv.;
1634 3858 1770 3910 nicht
1808 3875 1884 3923 ‚ro
1896 3861 2046 3925 firm.
2070 3858 2224 3926 prop.
2245 3886 2308 3894 -
2335 3860 2387 3907 in

1378 3942 1464 3991 ec,
1492 3926 1540 3976 in
1566 3928 1677 3977 dem
1701 3928 1779 3977 An
1819 3926 2138 3991 lagepunkte.
2162 3952 2229 3962 —
2251 3926 2386 3977 Bar-

1376 3998 1471 4047 cin.
1492 3997 1661 4062 fact„
1703 3995 1784 4057 33,
1813 3996 1895 4057 45,
1922 3995 1969 4046 6.
1993 4021 2060 4031 —
2093 3993 2210 4046 inde
2243 3995 2386 4060 daun,
