2861 4550
347 380 388 412 2.
408 368 491 410 cn.
511 368 607 409 201.
1024 352 1221 404 menn
1243 352 1443 421 xxxi.
1498 353 1640 407 CAP.
1668 355 1716 405 2.
1741 337 1838 436 35
2261 431 2266 435 q
2367 430 2373 435 ἢ
2422 361 2461 420 5

347 508 568 570 tribum
610 507 905 587 Sapiniam
943 516 1178 582 vocant,
1217 525 1422 587 agrum
1462 507 1746 570 Boiorum
1785 507 2056 577 invadere
2095 510 2293 586 iussit3
2335 512 2465 590 ipse

349 594 559 656 eodem
597 601 802 672 aperto
840 592 1046 665 itinere
1083 613 1190 673 per
1226 601 1462 655 montes
1500 594 1680 657 duxit.
1741 593 1988 673 Ampius
2018 594 2321 674 ingresSus
2351 597 2465 657 ho·
2507 613 2535 661 7

347 679 529 741 stium
557 679 704 739 fines
733 678 926 758 primo
950 678 1363 757 populationes
1387 678 1532 740 satis
1554 697 1843 758 prospere
1872 699 1942 741 ac
1960 688 2087 741 tuto
2113 681 2263 742 fecit.
2311 681 2466 742 dele-

351 771 446 826 cto
487 761 693 824 deinde
729 763 800 824 ad
841 771 1097 824 castrum
1128 764 1392 825 Mutilum
1435 764 1578 824 satis
1611 763 1827 824 idoneo
1858 765 1992 826 loco
2022 766 2094 826 ad
2124 766 2469 835 demetenda

349 850 642 913 frumenta
668 848 890 908 —iam
922 847 1078 908 enim
1109 856 1376 909 maturae
1405 857 1569 910 erant
1598 857 1828 927 segetes
1850 885 1936 897 —-
1957 851 2255 928 profectus
2279 856 2470 929 neque

349 933 644 1014 explorato
670 932 841 1007 circa,
871 950 981 994 nec
1002 933 1354 995 stationibus
1380 933 1521 994 satis
1544 934 1749 1007 firmis,
1777 952 1922 1013 quae
1947 943 2199 996 armat-ae
2222 936 2467 996 inermis
2509 945 2541 996 8

347 1027 518 1099 atque
549 1019 714 1098 operi
742 1017 1005 1080 intentos
1035 1026 1384 1091 tutarentur,
1420 1017 1630 1098 positis
1659 1019 1984 1098 improviso
2014 1020 2240 1098 impetu
2272 1020 2467 1080 Gallo-

344 1123 481 1165 rum
513 1122 646 1165 cum
678 1104 1196 1165 frumentatoribus
1229 1112 1318 1165 est
1349 1104 1796 1165 circumventus.
1849 1102 1983 1164 inde
2011 1123 2193 1182 pavor
2222 1106 2469 1184 fugaque

345 1189 517 1253 etiam
565 1197 823 1251 armatos
871 1190 1039 1269 cepit.
1110 1189 1180 1249 ad
1221 1193 1300 1249 5⁷17
1349 1189 1662 1250 hominum
1706 1190 1891 1267 palata
1922 1207 2028 1267 per
2067 1197 2292 1268 segetes
2331 1197 2470 1250 sunt
2511 1196 2543 1246 9

347 1293 531 1347 caesa,
561 1275 715 1338 inter
741 1292 894 1353 quos
917 1276 1045 1354 ipse
1068 1274 1126 1335 C.
1153 1273 1400 1353 Ampius
1425 1274 1783 1352 praesectus3
1815 1274 1987 1334 ceteri
2009 1274 2070 1335 in
2097 1283 2284 1336 castra
2305 1282 2470 1334 metu
2514 1286 2578 1337 10

347 1360 659 1439 compulsi.
720 1360 856 1419 inde
888 1359 1017 1420 sine
1047 1366 1205 1420 certo
1237 1360 1383 1419 duce
1415 1376 1711 1419 consensu
1733 1358 1970 1420 militari
1999 1359 2267 1438 proxima
2296 1366 2471 1422 nocte

344 1445 547 1520 relicta
576 1463 784 1523 magna
813 1454 977 1523 parte
1005 1462 1205 1505 rerum
1239 1460 1478 1505 suarum
1511 1444 1582 1504 ad
1612 1444 1915 1505 consulem
1941 1451 2048 1522 per
2071 1445 2260 1504 saltus
2279 1463 2470 1523 prope

346 1528 538 1590 invios
580 1547 911 1609 pervenere.
974 1529 1077 1607 qui
1111 1529 1227 1589 nisi
1268 1529 1424 1606 quod
1463 1530 1781 1608 populatus
1812 1539 1903 1590 est
1931 1529 2215 1590 Boiorum
2246 1529 2381 1589 finis
2414 1535 2473 1589 et
2515 1535 2574 1586 11

347 1632 485 1674 cum
506 1614 781 1692 Ingaunis
804 1612 1119 1692 Liguribus
1144 1613 1353 1675 foedus
1377 1613 1531 1686 fecit,
1563 1614 1706 1674 nihil
1730 1615 1891 1692 quod
1916 1623 2072 1675 esset
2092 1614 2471 1676 memorabile

350 1698 503 1759 aliud
534 1700 593 1758 in
622 1698 926 1776 provincia
956 1717 1090 1758 cum
1124 1697 1420 1776 gessisset,
1450 1698 1703 1775 Romam
1732 1699 1917 1759 rediit.

524 1783 669 1842 Cum
709 1782 967 1861 primum
1006 1791 1269 1844 senatum
1308 1784 1517 1844 habuit
1554 1783 1842 1845 universis
1882 1783 2345 1861 postulantiBUS‚
2394 1801 2469 1842 ne
2506 1785 2545 1846 3

353 1882 529 1945 quam
568 1866 733 1945 prius
765 1885 891 1927 rem
923 1886 1097 1946 quam
1129 1867 1200 1928 de
1227 1867 1500 1947 Philippo
1532 1886 1600 1928 ac
1629 1868 1927 1929 sociorum
1960 1868 2227 1948 querellis
2258 1874 2471 1946 ageret,

350 1952 594 2012 relatum
625 1952 914 2030 extemplo
947 1959 1065 2026 est3
1096 1953 1463 2031 decrevitque
1492 1954 1769 2032 frequens
1801 1961 2059 2025 senatus,
2089 1961 2155 2013 ut
2183 1952 2251 2013 P.
2273 1952 2470 2013 Aelius
2507 1965 2544 2015 2

350 2036 557 2096 consul
597 2055 773 2115 quem
812 2037 1101 2097 videretur
1131 2038 1181 2097 ei
1216 2056 1350 2098 cum
1380 2037 1632 2116 imperio
1664 2038 1939 2112 mitteret,
1971 2037 2069 2117 qui
2096 2038 2277 2099 classe
2303 2056 2470 2098 acce-

348 2129 466 2199 pta,
491 2140 663 2200 quam
690 2141 760 2182 ex
784 2109 973 2182 Sicilia
995 2122 1101 2182 Cn.
1120 2121 1394 2182 Octavius
1419 2122 1739 2196 reduceret,
1764 2123 1825 2182 in
1843 2122 2242 2183 Macedoniam
2267 2122 2475 2183 traice-

347 2212 451 2266 ret.
533 2205 608 2265 M.
659 2206 918 2266 Valerius
969 2206 1256 2290 Laevinus
1309 2218 1659 2288 propraetor
1709 2207 1932 2269 missus
1985 2208 2134 2269 circa
2186 2207 2472 2268 Vibonem
2515 2219 2546 2269 3

349 2374 476 2424 siidl.
500 2390 596 2424 von
616 2375 855 2425 Ravenna
872 2376 1093 2437 miindet,
1113 2383 1361 2439 genannt3

346 2441 496 2491 keine
529 2443 774 2492 riimische
807 2441 1018 2504 TribuS,
1061 2444 1158 2492 wie
1207 2445 1358 2492 sehon

349 2525 503 2574 quam
520 2515 706 2558 vocant
725 2510 879 2574 zeigt.
902 2536 971 2545 —
994 2514 1177 2576 aperto
1199 2513 1251 2572 ιζ,
1277 2511 1368 2561 auf

349 2577 493 2626 einer
527 2575 720 2624 offenen
747 2576 973 2637 Strasse,
1020 2578 1100 2626 die
1137 2577 1360 2640 obgleich

347 2644 422 2693 sie
457 2644 609 2693 durch
654 2645 745 2693 das
779 2642 997 2707 Gebirge
1036 2645 1150 2706 <den
1185 2646 1357 2709 Apen-

347 2711 447 2772 nin)
474 2711 661 2775 fiihrte,
687 2713 913 2775 weniger
936 2711 1213 2776 gef’abrlich
1232 2728 1357 2778 war,

343 2779 448 2843 vgl.
485 2779 541 2843 9,
577 2779 669 2843 27,
705 2780 762 2830 4.
795 2796 894 2847 per
926 2785 1107 2847 aperta
1148 2781 1259 2831 loca
1290 2807 1361 2818 ——-

342 2850 397 2896 m
429 2846 542 2897 loca
568 2847 727 2914 plana
749 2863 936 2913 agmen
961 2877 1026 2886 -—
1051 2848 1354 2910 demittunt3

346 2913 428 2977 34,
452 2914 542 2979 46,
573 2915 628 2977 13
655 2916 841 2965 andex-s
867 2915 957 2982 33,
982 2916 1072 2979 37,
1100 2916 1154 2965 2:
1174 2932 1274 2984 per
1296 2932 1356 2966 a·

340 2986 495 3050 perta
517 2998 673 3048 eoque
700 2987 814 3033 tuta
836 2983 961 3036 loca.

415 3049 522 3097 7—
540 3050 619 3099 11.
669 3050 855 3116 Mutii„
874 3053 951 3100 ein
973 3050 1164 3101 Castell
1183 3067 1245 3101 an
1266 3045 1358 3100 der

345 3089 1041 3182 Siidwestgrenzederssoier,
1053 3135 1094 3169 s.
1109 3118 1190 3183 33,
1204 3118 1286 3168 37.
1289 3145 1359 3154 -

344 3190 572 3250 segetes,
599 3184 681 3246 23,
706 3184 787 3250 48,
819 3185 862 3235 1.
886 3211 955 3223 ——
980 3187 1246 3255 explorato
1271 3185 1355 3252 21,

346 3251 429 3313 25,
456 3252 504 3302 9.
528 3280 598 3289 —-
620 3256 754 3304 circa
772 3255 983 3304 vertritt
1005 3256 1100 3305 den
1122 3254 1358 3317 Objects-

343 3318 551 3380 begriffs
577 3337 638 3370 ea
663 3323 804 3383 (oder
825 3337 922 3389 per
947 3325 1042 3385 ea),

347 3389 511 3447 erant,
537 3402 578 3436 ε.
604 3388 648 3451 1,
675 3387 757 3452 58,
778 3388 835 3450 23
868 3389 946 3451 10,
967 3390 1050 3455 26,
1068 3390 1364 3457 9.-—opcn‘

346 3454 455 3503 hier
478 3422 567 3503 d'as
591 3425 848 3506 A'bmii’ben
873 3459 963 3506 der
986 3457 1206 3507 Friicbte
1231 3458 1355 3507 nach

346 3520 476 3587 510,
499 3522 649 3584 nicht,
671 3523 767 3571 wie
787 3526 1118 3589 gewiibnlich,
1132 3522 1355 3575 Scbanz-

344 3590 524 3639 arbeit.
550 3617 620 3626 —-
641 3594 830 3640 anteat.
856 3592 934 3640 die
971 3593 1095 3642 oben
1122 3594 1353 3642 erwiibn-

342 3664 432 3708 ten
455 3661 721 3709 stationes.
750 3690 794 3698 —
816 3658 1008 3726 palata,
1033 3676 1073 3710 s.
1101 3677 1143 3710 c.
1177 3659 1254 3722 16,
1290 3659 1351 3722 33

347 3724 1357 3792 32,‚333,2155,3„226020.—-

344 3793 484 3860 duce,
509 3795 589 3844 ein
608 3794 771 3858 Legat
794 3794 993 3844 scheint
1017 3765 1154 3844 nicht,
1176 3795 1223 3843 in
1245 3795 1355 3846 dem

345 3860 509 3912 Heere
533 3878 766 3926 geweseu
794 3879 856 3912 zu
885 3862 1010 3912 sein·
1033 3890 1104 3899 --
1126 3859 1355 3925 militari,

346 3929 438 3979 der
458 3932 719 3993 gemeinen
743 3931 1000 3994 Soldaten,
1026 3946 1065 3980 ε.
1086 3930 1168 3991 25,
1197 3929 1277 3995 37,
1303 3929 1351 3980 6.

345 4023 413 4034 --
432 4014 526 4066 per
549 3999 686 4064 salt„
712 4000 805 4049 der
821 3998 1009 4050 Consul
1033 4000 1171 4050 steht
1187 3969 1353 4049 wa’hr-

1072 3338 1200 3388 quae
1221 3324 1358 3372 circa

1472 2376 1741 2426 scheinlich
1783 2377 1966 2426 weiter
2004 2377 2252 2426 westlicb.
2286 2403 2354 2412 —
2388 2376 2476 2425 In-

1466 2448 1658 2509 gaunis
1680 2442 1766 2508 L.,
1792 2460 1833 2494 s.
1860 2443 1951 2509 28,
1976 2443 2070 2507 46,
2096 2444 2145 2494 9.
2169 2471 2238 2481 —-
2257 2443 2390 2494 nihil
2408 2470 2477 2480 --

1469 2510 1630 2576 aliud,
1681 2512 2061 2574 ungewiibnlich
2114 2513 2268 2562 durch
2330 2511 2475 2561 einen

1468 2577 1850 2628 Zwischensatz
1876 2586 2130 2643 getrennt.

1536 2635 1600 2697 3.
1657 2645 2098 2710 Vorbereitungen
2143 2663 2255 2696 zum
2288 2644 2477 2709 Rriege

1466 2714 1556 2763 mit
1581 2714 1854 2779 Philippus.

1543 2780 1707 2831 1-2,
1755 2784 1893 2833 univ.
1922 2786 2085 2848 post„
2123 2797 2162 2832 s.
2201 2780 2291 2845 26,
2326 2781 2383 2844 2,
2419 2780 2475 2829 3:

1467 2848 1550 2911 29,
1577 2849 1653 2910 15,
1679 2849 1697 2896 1
1720 2865 1733 2909 3
1757 2849 1805 2897 4.
1822 2877 1892 2886 —-
1909 2855 2092 2915 ageret
2107 2865 2198 2898 zur
2215 2848 2478 2900 verband-

1465 2917 1588 2978 lung·
1612 2916 1813 2978 bringe,
1849 2917 2004 2965 durch
2027 2916 2248 2966 relatum
2271 2923 2367 2964 etc.
2395 2930 2478 2964 er-

1426 3043 1432 3046 ,
1466 2984 1621 3032 kliirt.
1656 3009 1724 3017 —
1758 2998 1904 3047 quem
1936 2982 2034 3033 vid.
2077 2986 2147 3045 ei,
2189 2999 2237 3032 n.
2270 2984 2480 3035 mittere

1468 3051 1593 3100 oder
1613 3049 1919 3099 mittendum
1943 3066 2152 3115 esse,‘8.
2179 3066 2222 3100 c.
2249 3051 2303 3114 5,
2332 3049 2391 3111 33
2427 3050 2475 3114 8,

1466 3118 1525 3179 43
1552 3117 1601 3179 9,
1626 3117 1711 3179 1ος
1741 3116 1818 3180 15,
1844 3117 1898 3178 13
1923 3116 1970 3179 6,
1991 3117 2073 3182 26,
2097 3117 2152 3181 23
2176 3117 2258 3181 28,
2277 3117 2359 3178 46,
2385 3118 2475 3180 133

1466 3184 1554 3246 29,
1584 3184 1674 3248 20,
1703 3185 1735 3234 4
1759 3201 1806 3234 u.
1834 3185 1925 3247 oft,
1949 3186 2052 3249 vgl.
2080 3185 2167 3248 34,
2195 3186 2274 3251 56,
2305 3186 2382 3235 13.
2408 3215 2478 3224 -

1466 3253 1711 3315 reducor„
1746 3254 1810 3302 im
1837 3254 2030 3317 Begriff
2057 3255 2130 3303 sei
2167 3270 2230 3302 zu
2263 3270 2313 3303 u.
2341 3269 2383 3304 s.
2408 3266 2475 3301 w,

1462 3348 1533 3358 -—-
1560 3320 1723 3372 Oetav.
1762 3337 1803 3371 s.
1841 3320 1929 3383 30,
1965 3321 2057 3383 41,
2093 3322 2148 3383 7,

1466 3390 1602 3443 nicht
1623 3390 1716 3438 mit
1740 3389 1909 3455 Scipio
1936 3390 2353 3451 zuriickgekehrt.

1532 3455 1564 3504 3
1577 3485 1644 3493 -—
1658 3457 1707 3506 4.
1758 3457 1816 3509 V
1814 3457 2007 3507 alerius
2021 3495 2035 3519 ,
2061 3455 2476 3506 wahrscheinlicb

1465 3524 1557 3574 der
1585 3525 1638 3573 in
1665 3525 1757 3573 der
1789 3524 1835 3574 3.
1865 3525 2061 3574 Decade
2099 3523 2174 3574 oft
2199 3525 2477 3590 erwiibnte‚

1464 3593 1689 3642 welcber
1713 3593 1860 3655 lange
1886 3591 2043 3642 Zeit
2029 3608 2077 3641 m
2106 3591 2478 3642 Griccbenland

1464 3675 1699 3723 gewesen
1729 3675 1858 3722 war,
1886 3676 1927 3710 s.
1953 3659 2034 3724 23,
2060 3660 2153 3721 243
2177 3658 2263 3722 24,
2294 3660 2384 3722 1ος
2411 3659 2477 3708 ib.

1463 3727 1560 3789 40,
1587 3727 1669 3790 26,
1700 3728 1752 3793 1,
1779 3726 1873 3787 22;
1902 3727 1979 3791 27,
2010 3698 2098 3789 113
2125 3695 2216 3790 29,
2241 3698 2322 3789 22,
2342 3723 2477 3790 jetzt

1463 3795 1784 3845 Privatmann
1820 3763 1987 3846 erbiil't
2019 3811 2101 3862 er,
2137 3796 2233 3844 wie
2260 3795 2476 3844 Manlius

1465 3862 1547 3925 23,
1570 3861 1651 3926 34,
1678 3864 1757 3927 14,
1778 3878 1873 3913 von
1895 3864 2006 3913 dem
2027 3833 2214 3912 Consul
2234 3860 2478 3911 dasCom-

1461 3932 1658 3982 mando.
1681 3945 1977 3998 —proprq
2003 3931 2079 3981 als
2114 3931 2289 3994 Prop„
2316 3944 2365 3979 s,
2394 3928 2476 3992 29,

1463 3997 1512 4063 6,
1538 3999 1587 4049 9.
1613 4025 1681 4036 ·—
1706 3999 1924 4062 Vibon„
1949 3998 2079 4051 Vibo
2103 3997 2338 4049 Valentia
2362 3997 2475 4048 eine

2183 3337 2241 3371 er
2275 3322 2344 3371 ist
2365 3321 2476 3370 also
2515 3349 2518 3354 -
