2861 4550
284 418 328 452 a.
345 406 428 449 011.
449 405 543 453 195.

455 542 766 623 Quinctius
781 544 1222 611 adfirmantibus
1250 543 1342 620 iis,
1369 543 1421 605 si
1454 543 1527 606 ad
1555 550 1757 624 portas
1784 542 2071 607 exereitus
2098 540 2403 607 Romanus
2425 547 2511 609 26

953 387 1146 447 LIBER
1181 386 1426 443 XXXIV.
1481 385 1623 440 CAP:
1638 386 1751 441 26.-

2277 388 2402 452 297

286 633 516 709 fuisset,
546 649 669 695 non
695 632 822 693 sine
834 632 1286 695 effeetumotum
1311 649 1448 692 eum
1471 631 1730 691 futurum
1754 628 1952 704 fuisse,
1980 636 2055 703 et,
2086 629 2137 690 si
2159 630 2404 710 propius
2445 641 2489 693 2¹

289 727 473 781 eastra
502 717 968 791 admoverentur,
998 735 1124 778 non
1153 716 1457 797 quieturos
1478 713 1745 794 Argivos»,
1777 714 1941 776 misit
1964 714 2268 794 expeditos
2296 734 2404 794 pe·

283 804 433 866 dites
458 802 818 882 equitesque,
841 802 947 881 qui
977 802 1126 864 eirea
1154 800 1475 881 Cylarabim
1497 830 1583 847 —-
1605 800 1971 879 gymnasium
2000 799 2058 861 id
2089 806 2181 861 est
2206 800 2415 863 minus
2447 808 2481 860 3

285 896 582 952 trecentos
606 906 821 968 passus
850 887 923 948 ab
952 887 1101 949 urbe
1121 922 1209 931 --
1231 902 1366 949 eum
1390 880 1830 964 erumpentibus
1861 904 1894 946 a
1922 893 2094 965 porta
2117 885 2405 947 Lacedae-

285 974 503 1039 moniis
521 973 826 1070 proelium
844 973 1265 1041 commiserunt
1302 979 1474 1050 atque
1512 989 1621 1032 eos
1656 970 1808 1032 haud
1849 988 2063 1050 magno
2088 971 2407 1033 certamine

288 1058 738 1139 compulerunt
723 1076 785 1118 ιιι
807 1057 1031 1119 urbem.
1075 1063 1340 1118 etxeastra
1362 1076 1433 1118 eo
1459 1055 1599 1136 ipso
1619 1056 1771 1129 loeo,
1801 1055 1902 1117 ubi
1924 1062 2407 1135 pugnatum-erat,

285 1146 607 1225 imperator
633 1143 937 1207 Romanus
965 1142 1184 1222 posuit.
1230 1142 1385 1204 diem
1424 1141 1562 1215 inde
1591 1157 1775 1223 unum
1804 1141 1865 1202 in
1895 1140 2144 1220 speculis
2176 1140 2314 1212 fuit,
2354 1140 2405 1202 si
2447 1151 2481 1201 4

287 1230 425 1310 quid
461 1227 599 1290 novi
637 1236 837 1290 motus
866 1235 1153 1289 oreretur.
1198 1235 1517 1306 postquam
1545 1242 1891 1306 oppressam
1930 1233 2093 1287 metu
2120 1225 2407 1307 civitatem

285 1314 454 1387 vidit,
493 1314 739 1376 advocat
768 1312 1191 1375 eonsiliumffde
1220 1311 1629 1393 oppugnandis
1659 1311 1846 1391 Argis,
1892 1311 2157 1377 omnium
2187 1311 2407 1390 princi·
2448 1322 2480 1374 5

289 1419 435 1481 pum
453 1396 724 1463 Graeciae
743 1405 975 1478 praeter
989 1397 1362 1459 Aristaenum
1385 1397 1584 1458 eadem
1609 1397 1890 1463 sententia
1910 1404 2048 1470 erat,
2080 1415 2213 1458 cum
2237 1415 2417 1458 eausa

288 1485 424 1546 hessi
452 1502 575 1546 non
617 1484 724 1545 alia
755 1491 936 1557 esset,
972 1483 1108 1545 inde
1139 1482 1518 1563 potissimum
1550 1482 1813 1545 ordiendi
1849 1481 1997 1542 belli.
2047 1481 2321 1554 Quinctio
2351 1482 2410 1543 id
2450 1494 2483 1544 6

289 1587 660 1651 nequaquam
695 1568 984 1648 placebat,
1021 1577 1079 1629 et
1106 1569 1476 1630 Aristaenum
1516 1575 1716 1631 eontra
1756 1567 2021 1629 omnium
2051 1585 2410 1642 consensum

292 1655 674 1717 disserentem
698 1672 832 1717 eum
854 1654 1012 1715 haud
1042 1653 1218 1717 dubia
1238 1653 1665 1733 approbatione
1686 1652 1918 1714 audivit.
1949 1661 2007 1713 et
2032 1653 2162 1731 ipse
2185 1652 2408 1726 adiecit,
2452 1660 2481 1709 7

292 1759 425 1802 eum
465 1757 573 1819 pro
607 1738 827 1818 Argivis
853 1740 1134 1801 adversus
1164 1746 1475 1819 tyrannum
1511 1738 1723 1801 bellum
1755 1745 2096 1818 susceptum
2128 1737 2231 1813 sit,
2268 1738 2435 1816 quid*

291 1825 490 1887 minus
522 1824 872 1886 conveniens
895 1843 1046 1898 esse,
1077 1842 1250 1903 quam
1279 1824 1504 1885 omisso
1528 1824 1700 1885 hoste
1721 1829 1910 1903 Argos
1944 1821 2316 1904 oppugnari?
2346 1842 2409 1883 se

291 1928 430 1971 vero
455 1917 626 1988 eaput
637 1908 768 1970 belli
783 1908 1281 1971 Lacedaemonem
1305 1917 1686 1989 etvtyrannum
1703 1910 2042 1988 petiturum.
2089 1916 2147 1969 et
2163 1908 2409 1977 dimisso
2452 1915 2483 1966 8

294 1994 539 2057 oonsilio
569 1995 983 2057 frumentatum
1007 1995 1304 2074 expeditas
1333 1996 1607 2057 cohortes
1638 1995 1816 2057 misit.
1861 1994 2019 2073 quod
2047 1994 2256 2056 maturi
2287 2001 2413 2054 erat

293 2082 445 2142 eirea
485 2081 816 2142 demessum
856 2088 914 2142 et
942 2088 1289 2142 convectum
1316 2087 1437 2154 est·,
1462 2080 1666 2151 viride,
1706 2099 1779 2140 ne
1808 2081 2012 2140 hostes
2050 2083 2187 2139 mox
2224 2079 2410 2140 habe·-

290 2173 442 2240 rent,
470 2166 785 2246 protritum
815 2173 874 2226 et
902 2174 1263 2246 corruptum.
1309 2173 1500 2227 eastra
1529 2165 1737 2226 deinde
1765 2165 1976 2238 movit,
2009 2171 2066 2224 et
2090 2162 2410 2225 Parthenio
2452 2170 2484 2222 9

291 2259 566 2333 superato
591 2259 794 2313 monte
813 2258 1043 2332 praeter
1063 2252 1311 2331 Tegeam
1336 2250 1506 2313 tertio
1537 2250 1630 2312 die
1655 2250 1724 2312 ad
1749 2248 1960 2332 Caryas
1983 2247 2186 2330 posuit
2208 2248 2411 2312 eastra.

360 2408 465 2470 20.
511 2417 683 2468 2—4.
731 2416 993 2484 Cylarab„
1029 2433 1096 2481 vg
1097 2417 1132 2468 l.
1163 2417 1297 2467 plut.

290 2487 472 2554 Pyrrh.
498 2485 587 2549 32,
623 2484 682 2547 3,
716 2481 865 2535 Paus,
896 2485 952 2550 2,
989 2484 1078 2549 22,
1118 2485 1204 2536 1οι
1241 2483 1302 2537 ἐν

292 2623 426 2674 Sohn
392 2520 1308 2701 μίςὲζοέἶὶῗηξῗξιῇἶῗίζῗὲὖίἒυέοῆῗὲ

293 2692 411 2741 dort
433 2688 685 2752 begraben
709 2689 835 2752 sein,
857 2688 1007 2739 Paua.
1034 2688 1091 2752 2,
1125 2688 1213 2751 18,
1238 2688 1298 2750 43

293 2773 350 2808 es
391 2758 476 2820 lag
516 2771 611 2806 vor
642 2756 753 2806 dem
788 2756 910 2806 nach
943 2755 1156 2823 ΤίιὛιιῑΙι
1189 2756 1299 2806 suih-

293 2826 483 2876 renden
510 2823 678 2875 Thore
702 2824 1079 2891 Diamperesffl
1030 2840 1299 2892 —.erump

291 2911 341 2945 α.
363 2911 436 2963 p.‚
461 2892 647 2944 ebenso
674 2908 718 2942 c
744 2890 825 2960 28,
844 2893 889 2959 9,
910 2893 1014 2956 vgl.
1035 2891 1120 2957 43,
1140 2891 1221 2956 23,
1241 2893 1300 2943 4.

290 2978 463 3013 von—
485 2963 589 3044 her,
615 2966 759 3011 sonst
782 2977 852 3011 em
876 2962 998 3012 oder
1011 2962 1112 3010 der
1131 2961 1301 3011 blosse

293 3030 513 3082 Ablativ.
538 3057 609 3067 —-
628 3030 685 3078 in
711 3043 877 3095 spec„
908 3029 1012 3092 νει.
1040 3029 1142 3078 Cie.
1169 3027 1300 3079 Mur.

292 3097 400 3216 ΞΖ,
403 3098 432 3147 7
436 3098 490 3147 9
514 3100 569 3148 in
591 3097 812 3165 speculis
829 3100 983 3162 atque
997 3095 1197 3147 insidiis
1216 3112 1301 3147 re-

361 3232 532 3282 5-7,
573 3231 870 3284 ordiendib.
902 3232 1120 3297 miisste,
1155 3247 1301 3283 wenn

294 3315 351 3351 es
384 3300 567 3364 riehtig
598 3301 672 3360 ist
706 3301 791 3364 (es
831 3300 959 3351 wird
1002 3300 1303 3353 ordiendum

294 3368 476 3420 bellum
514 3370 827 3434 vermuthet)
864 3369 1298 3435 epexegetiseher‚

292 3438 387 3487 den
423 3437 473 3486 in
499 3436 680 3487 eadem
695 3453 790 3486 nur
812 3438 1179 3501 angadeuteten
1203 3438 1300 3487 Be-

291 3504 412 3569 griff
451 3505 889 3555 umsehreibender
929 3503 1131 3556 Genitiv
1174 3506 1304 3569 sein,

289 3574 394 3638 vgl.
421 3571 503 3635 32,
528 3571 611 3637 37,
637 3572 700 3634 23
725 3572 932 3637 Quintil.
956 3573 1035 3635 12,
1062 3573 1110 3640 9,
1136 3575 1191 3623 7:
1214 3573 1300 3623 illo

273 3640 507 3708 fastidio
530 3668 597 3678 —
617 3657 730 3691 non
758 3641 951 3706 agendi
980 3657 1164 3692 causas
1205 3642 1304 3690 mi

288 3725 476 3770 ηονοες
519 3707 622 3772 vgl.
658 3708 803 3758 Caes.
837 3709 893 3758 B.
930 3706 992 3759 G.
1027 3709 1085 3770 7,
1122 3706 1207 3773 76,
1242 3707 1300 3758 2·

291 3777 409 3828 Tae.
427 3743 559 3828 Αἰιιι.
585 3776 633 3839 4,
660 3775 715 3825 2.
741 3779 1000 3826 senator-io
1024 3777 1303 3825 ambitu-

294 3845 527 3912 ornandi,
554 3844 620 3895 ib.
646 3842 702 3909 2,
729 3843 824 3905 473
862 3842 923 3893 Z.
952 3843 985 3909 5
1017 3842 1147 3904 425,
1186 3844 1301 3894 dass

294 3919 437 3962 sonst
458 3914 715 3964 sordentia
737 3878 875 3962 nic’ht
896 3912 986 3961 mit
1014 3910 1175 3960 einem
1200 3909 1302 3961 Ge-

292 3979 420 4028 nitiv
457 3980 549 4029 des
591 3979 800 4044 Objeets
843 3978 1124 4030 construirt
1171 3978 1303 4034 wird

292 4046 495 4101 hindert
515 4047 653 4098 disse
672 4048 954 4116 Beziehung
976 4048 1128 4112 nieht,
1153 4063 1196 4098 s.
1218 4046 1304 4111 21,

1398 2416 1502 2480 56,
1528 2414 1586 2478 5,
1621 2413 1680 2480 8,
1704 2414 1798 2478 20,
1837 2415 1922 2468 12ε
1954 2420 2133 2483 partes
2154 2432 2413 2467 παραθεω-

1408 2483 1683 2551 quirendae
1721 2486 2026 2550 sententiae,
2079 2483 2133 2549 9,
2183 2484 2273 2549 45,
2326 2483 2412 2535 18.

1409 2557 1644 2605 oratores
1667 2552 2108 2620 pacispetendae‚·
2146 2551 2412 2618 31,15‚4:

1407 2621 1700 2671 adhortatio
1725 2621 2023 2688 capessenda
2042 2620 2179 2684 belli,
2204 2621 2306 2683 vgl.
2333 2619 2414 2686 35,

1408 2687 2413 2752 49,13.-otc.29‚10.Arz·st.‚dessen

1407 2756 1620 2807 Ansieht
1642 2771 1732 2806 aus
1759 2755 1792 2821 5
1827 2757 1855 2804 7
1890 2756 2101 2818 erhellt,
2135 2724 2257 2805 ho’fft
2289 2757 2415 2805 auch

1407 2824 1760 2876 Laeediimon
1747 2840 1797 2874 ιιι
1831 2824 1926 2874 den
1958 2792 2253 2873 aehiii’sehen
2279 2823 2417 2876 Bund

1408 2909 1474 2942 zu
1500 2893 1778 2943 ziehen..—
1801 2908 1856 2941 se
1879 2906 2026 2944 vero:
2051 2907 2111 2941 er
2126 2919 2194 2928 —
2212 2891 2414 2956 gewiss,

1408 2961 1489 3010 die
1513 2960 1721 3023 iibrigen
1754 2960 1984 3012 miiehten
2019 2960 2169 3022 thun,
2200 2973 2307 3008 was
2340 2959 2416 3009 sie

1407 3027 1636 3089 wollten,
1660 3028 1762 3090 vgl.
1792 3027 1839 3090 6,
1865 3027 1914 3092 6,
1945 3027 2024 3077 17.

1478 3094 1681 3145 8-10,
1735 3094 1871 3162 quod
1916 3098 2114 3146 maturi
2149 3122 2219 3133 —-
2257 3096 2421 3150 viride

1409 3165 1608 3214 ktinnen
1663 3164 1740 3214 als
1797 3163 2179 3214 substantivirte
2223 3163 2419 3215 Neutra

1409 3247 1700 3297 genommen
1710 3233 1928 3297 werden,
1948 3232 2420 3297 ohnesrumentum

1409 3317 1476 3351 zu
1501 3301 1781 3364 ergiinzem
1815 3301 1876 3350 da
1900 3301 2067 3350 dieses
2094 3301 2159 3350 im
2185 3300 2419 3365 Singular

1408 3385 1509 3420 von
1535 3371 1646 3421 dem
1671 3369 2048 3432 eingeernteten
2071 3367 2309 3420 Getraide
2326 3384 2416 3433 ge·-

1409 3438 1619 3487 braueht
1659 3438 1812 3496 wird,
1854 3438 2128 3501 frumenta
2165 3452 2264 3486 von
2306 3439 2419 3488 dem

1409 3505 1501 3556 auf
1519 3506 1629 3555 dem
1654 3505 1826 3554 Halme
1852 3505 2153 3569 stehenden,
2182 3521 2223 3554 s.
2254 3504 2344 3573 31,
2368 3506 2416 3573 2,

1411 3572 1469 3634 7,
1507 3572 1596 3633 33,
1618 3571 1664 3637 6,
1690 3570 1795 3621 8ιι.
1820 3585 1865 3620 a.
1890 3577 2205 3623 —eastra—
2226 3579 2416 3638 castra,

1410 3655 1453 3689 3.
1479 3656 1522 3689 e.
1548 3639 1642 3702 23,
1670 3638 1718 3688 2.
1742 3665 1811 3675 --
1834 3638 2137 3706 Parthenio,
2167 3642 2229 3691 im
2259 3642 2413 3692 Osten

1409 3722 1510 3757 von
1551 3706 1824 3756 Arkadien.
1859 3735 1929 3745 -—
1963 3713 2131 3777 praet.
2180 3709 2303 3774 Teg.
2349 3710 2416 3758 ist

1410 3774 1669 3824 entweder
1691 3774 1955 3827 attributiv
1980 3793 2044 3826 zu
2068 3781 2263 3840 monte,
2292 3777 2417 3826 oder

1408 3841 1590 3892 besser
1628 3841 1705 3892 als
1751 3858 1851 3894 von
1899 3844 2059 3894 einem
2104 3859 2195 3893 aus
2242 3847 2418 3894 castra

1407 3912 1569 3962 movit
1600 3926 1665 3959 zu
1697 3912 2086 3962 eutnehmenden
2111 3909 2305 3972 Begriff
2328 3912 2418 3960 der

1410 3977 1696 4043 Bewegung
1727 3979 1972 4046 ahhiingig
2003 3994 2066 4027 zu
2101 3975 2320 4041 denken,
2354 3978 2416 4028 da

1410 4061 1467 4096 es
1510 4063 1574 4097 zu
1605 4049 1783 4116 pomit
1813 4051 1988 4096 castra
2020 4044 2156 4094 nieht
2197 4047 2417 4110 gehiireu
