2861 4550
482 365 607 429 316
1096 367 1289 425 maun
1323 366 1568 421 xxxiv.
1622 368 1762 421 οΑΡ.
1790 367 1873 421 37.
1899 367 1982 421 as.

408 533 438 582 2
480 526 567 580 tes
606 519 878 594 fremere3
916 519 1120 582 deinde
1158 521 1351 589 subito
1390 522 1460 584 ad
1500 540 1660 584 arma
1698 521 2114 585 discurrerunt.
2184 538 2302 601 quo
2342 522 2600 585 tumultu

482 624 613 665 cum
644 624 750 684 per
780 625 844 666 se
875 606 1014 668 satis
1043 605 1322 669 irritatam
1351 607 1785 671 multitudinem
1812 616 2078 669 cerneret
2107 615 2417 686 tyrannm,
2452 625 2599 668 con-

407 697 436 745 3
480 690 701 761 tionem
730 691 999 752 advocari
1026 692 1215 752 iussit.
1274 691 1355 753 ibi
1384 710 1518 754 cum
1549 712 1631 766 ea,
1661 711 1806 771 quae
1835 692 2357 772 imperarenturab
2377 693 2600 757 Roma·

480 775 600 848 nis,
640 777 1010 854 exposuisset
1048 784 1105 838 et
1143 777 1402 855 graviora
1446 784 1617 857 atque
1646 776 1975 856 indigniora
2005 777 2288 856 quaedam
2319 778 2466 838 salso
2490 777 2601 838 ad-

479 860 762 933 finxisset‚
793 870 850 922 et
879 861 950 922 ad
982 862 1210 940 singula
1233 880 1399 927 *nunc
1428 862 1500 922 ab
1528 862 1811 925 universis
1841 880 2000 924 nunc
2023 881 2055 922 a
2080 861 2347 941 partibus
2367 862 2602 925 contio-

479 944 573 1005 nis
604 946 1037 1020 acclamaretur,
1068 946 1458 1026 interrogavit,
1489 946 1624 1026 quid
1658 967 1723 1009 se
1752 947 2113 1026 respondere
2142 945 2213 1007 ad
2244 966 2309 1008 ea
2338 954 2439 1009 aut
2461 947 2601 1026 quid

404 1037 437 1086 4
478 1030 665 1091 facere
695 1031 918 1093 vellent.
982 1050 1165 1111 prope
1194 1051 1307 1092 una
1335 1051 1480 1094 voce
1510 1050 1719 1093 omnes
1749 1033 1893 1097 nihil
1922 1032 2271 1115 responderi
2294 1039 2354 1092 et
2382 1032 2601 1095 bellum

480 1116 601 1193 geri
631 1116 946 1177 iusserunt.
1008 1125 1064 1176 et
1093 1135 1201 1195 pro
1234 1135 1298 1178 se
1329 1117 1591 1196 quisque,
1628 1117 1812 1196 qualia
1840 1117 2149 1179 multitudo
2181 1116 2348 1189 solet,
2377 1117 2600 1179 bonum

480 1200 738 1261 animum
780 1201 995 1261 habere
1032 1210 1088 1262 et
1125 1201 1272 1262 bene
1310 1220 1548 1281 sperare
1586 1201 1848 1264 iubentes
1894 1202 2062 1263 fortis
2101 1204 2401 1263 fortunam
2433 1201 2601 1263 adiu-

406 1301 434 1348 5
478 1303 613 1346 vare
644 1284 889 1346 aiebant.
950 1285 1044 1346 his
1073 1286 1315 1349 vocibus
1345 1287 1616 1348 incitatus
1645 1296 1924 1366 tyrannus
1957 1296 2013 1348 et
2043 1286 2395 1367 Antiochum
2419 1282 2599 1349 Aeto-

477 1371 686 1447 losque
725 1371 1026 1431 adiuturos
1057 1371 1423 1450 pronuntiat,
1465 1381 1522 1432 et
1553 1371 1664 1432 sibi
1695 1372 1767 1433 ad
1797 1372 2164 1435 ohsidionem
2197 1371 2600 1433 sustinendam

404 1464 435 1512 6
480 1455 781 1533 copiarum
824 1456 1054 1519 adfatim
1097 1475 1245 1516 esse.
1304 1456 1595 1518 exciderat
1631 1457 1792 1535 pacis
1821 1457 2041 1517 mentio
2073 1476 2142 1518 ex
2173 1454 2440 1521 omnium
2471 1456 2603 1516 ani-

480 1539 610 1612 miS,
643 1548 700 1600 et
727 1540 786 1601 in
820 1541 1103 1603 stationes
1133 1558 1255 1603 non
1284 1542 1437 1603 ultra
1456 1541 1706 1622 quieturi
1739 1542 2093 1603 discurrunt.
2152 1559 2476 1619 paucorum
2499 1560 2602 1603 ex-

479 1625 675 1685 cursio
718 1625 1127 1688 lacessentium
1160 1634 1218 1687 et
1254 1627 1471 1688 emissa
1504 1626 1683 1688 iacula
1715 1628 2006 1706 extemplo
2037 1636 2095 1687 et
2114 1625 2399 1687 Romanis
2430 1625 2602 1687 dubi-

405 1724 432 1771 7
482 1710 783 1781 tationem,
824 1713 965 1792 quin
1002 1712 1336 1773 bellandum
1376 1720 1560 1783 esset,
1602 1720 1959 1773 exemerunt.
2028 1710 2171 1772 levia
2208 1710 2345 1771 inde
2382 1711 2602 1790 proelia

477 1815 583 1875 per
614 1797 1002 1875 quadriduum
1032 1797 1287 1877 primum
1320 1797 1448 1858 sine
1476 1797 1597 1861 ullo
1628 1797 1770 1861 satis
1808 1805 1987 1859 certo
2010 1803 2223 1859 eventu
2264 1795 2600 1857 commissa.

404 1892 434 1945 8
480 1881 685 1961 quinto
729 1881 820 1942 die
857 1901 1047 1961 prope
1088 1882 1240 1943 iusta
1280 1900 1476 1961 pugna
1517 1881 1662 1943 adeo
1704 1889 1985 1960 paventes
2011 1882 2073 1942 in
2104 1881 2388 1960 oppidum
2417 1880 2600 1942 Lace-

477 1966 768 2027 daemonii
798 1966 1086 2046 compulsi
1120 1976 1273 2039 sunt,
1302 1974 1369 2027 ut
1397 1967 1628 2045 quidam
1661 1967 1873 2027 milites
1904 1966 2153 2027 Romani
2182 1975 2342 2043 terga
2371 1966 2601 2044 fugien-

478 2052 623 2111 tium
655 2051 957 2111 caedentes
987 2070 1093 2130 per
1120 2052 1482 2125 intermissa,
1526 2060 1593 2113 ut
1621 2058 1763 2112 tunc
1793 2059 1975 2125 erant,
2005 2050 2240 2112 moenia
2270 2049 2478 2110 urbem
2507 2051 2599 2111 in-

479 2135 700 2197 trarint.

372 2213 454 2275 38
648 2220 720 2281 Et
758 2227 900 2284 tunc
938 2219 1171 2299 quidem
1203 2220 1510 2295 Quinctius
1557 2220 1698 2283 satis
1739 2240 1808 2283 eo
1839 2232 2064 2284 terrore
2084 2221 2361 2282 coercitis
2393 2238 2599 2283 excur-

480 2304 745 2367 sionibus
786 2307 1046 2367 hostium
1089 2306 1231 2367 nihil
1270 2315 1500 2386 praeter
1537 2307 1723 2385 ipsius
1771 2307 2273 2387 oppugnationem
2303 2306 2465 2384 urbis
2497 2326 2598 2367 su—

2374 382 2597 425 mmm

479 2409 715 2470 peresse
745 2399 938 2464 ratus,
971 2391 1170 2452 missis
1198 2393 1296 2471 qui
1328 2393 1522 2453 omnis
1552 2393 1765 2453 navalis
1798 2392 1992 2453 socios
2025 2412 2055 2452 a
2089 2391 2311 2472 Gytheo
2342 2409 2599 2452 accerse—

477 2484 623 2547 rent,
654 2476 781 2555 ipse
810 2476 1044 2537 interim
1076 2493 1207 2538 cum
1241 2477 1490 2538 tribunis
1521 2477 1769 2537 militum
1800 2477 1869 2538 ad
1903 2476 2207 2537 visendum
2236 2475 2399 2537 urbis
2424 2477 2599 2539 situm

404 2573 434 2623 2
478 2562 710 2621 moenia
750 2562 1216 2624 circumvehitur.
1285 2563 1473 2623 fuerat
1511 2562 1806 2641 quondam
1846 2561 1971 2622 sine
2010 2579 2181 2623 muro
2227 2562 2469 2640 Sparta:
2511 2569 2600 2641 ty-

1591 2730 1751 2794 jectiv
1771 2732 1894 2780 oder
1911 2730 2113 2781 Adverb
2132 2709 2466 2792 seim-gehon
2482 2730 2605 2782 aber

1597 2813 1694 2848 nur
1716 2814 1782 2847 zu
1805 2798 2158 2864 quadriduum.
2182 2826 2252 2835 —-
2282 2799 2602 2856 intermissa,

475 2745 627 2782 arma
659 2730 808 2793 disc„
838 2734 963 2782 ohne
998 2731 1188 2781 Befehl.
1212 2757 1281 2767 —
1311 2730 1487 2782 mulli·-

477 2798 602 2858 tud„
625 2800 703 2849 die
724 2800 788 2848 im
803 2796 1115 2863 Vox-bergen.
1137 2800 1489 2863 geschilderte,

476 2867 556 2916 die
581 2867 691 2916 also
717 2868 985 2920 bewaffnet
1010 2870 1057 2918 in
1099 2868 1177 2917 die
1201 2867 1484 2917 Versamm·

475 2935 597 2998 Iung
622 2935 830 2999 kommt,
868 2952 908 2986 s.
934 2925 972 3001 ξ’
993 2935 1041 2985 6.
1066 2963 1136 2974 —-
1157 2937 1231 2985 ibi
1263 2951 1406 2998 cum,
1444 2951 1485 2985 S.

481 3019 524 3052 c.
552 3002 633 3064 28,
660 3003 708 3054 6.
733 3030 803 3039 -—
822 3007 1074 3069 graviora
1099 3010 1211 3069 etc„
1240 3002 1320 3066 32,
1347 3004 1428 3065 35,
1457 3002 1487 3052 3

477 3087 526 3120 u.
552 3086 597 3121 a.
617 3099 670 3107 -
698 3072 839 3136 falso
857 3073 986 3136 ads„
1013 3072 1365 3137 pleonastisch,
1389 3072 1487 3120 wie

476 3139 636 3188 vieles
661 3139 949 3189 Aehulicbe.
975 3167 1045 3176 —
1067 3140 1354 3201 acclamar„
1380 3140 1490 3189 hier

478 3206 696 3256 Zeichen
716 3208 804 3256 des
821 3207 1225 3257 Missfalleus.—-
1241 3212 1337 3258 aut
1353 3206 1487 3272 quid,

479 3276 541 3324 im
565 3274 708 3324 Falle
735 3289 794 3323 er
826 3276 988 3324 nichts
1021 3281 1305 3324 antworten
1340 3274 1483 3323 solie.

477 3368 546 3380 --·
570 3342 739 3408 qualia
760 3341 904 3392 mult.
926 3359 968 3391 s.
991 3356 1081 3391 aus
1100 3344 1272 3391 aiebat
1289 3359 1351 3391 zu
1368 3358 1489 3392 ver-

477 3410 867 3473 vollsttindigen,
893 3410 1116 3472 obgleich
1143 3410 1198 3460 L.
1223 3411 1323 3459 wol
1348 3411 1487 3459 mehr

477 3477 699 3527 clamare
722 3479 934 3540 gedacbt
965 3479 1062 3528 hat.
1087 3505 1153 3514 —-
1180 3479 1301 3528 bene
1330 3492 1483 3545 sper„

478 3544 633 3606 vgl.c.
647 3544 727 3608 24,
748 3545 807 3607 23
828 3545 910 3607 32,
936 3545 1012 3606 13,
1036 3548 1084 3594 7.,
1099 3549 1317 3610 -sort.
1331 3550 1485 3610 s'ort„

478 3628 519 3661 s,
570 3612 620 3673 l,
658 3613 713 3677 9,
745 3612 777 3661 3
811 3614 914 3676 vgl.
957 3614 1010 3676 1,
1052 3612 1141 3676 34,
1190 3615 1277 3675 113
1329 3612 1485 3675 Verg.

479 3681 603 3730 Aen.
632 3680 710 3743 10,
737 3680 853 3731 284.

545 3748 715 3799 5-8,
750 3751 990 3799 Antioch.
1017 3758 1115 3801 etc.
1136 3751 1237 3812 vgl.
1260 3767 1302 3799 c.
1323 3750 1403 3813 41,
1422 3749 1485 3809 93

478 3816 561 3880 43,
574 3818 621 3866 4.
633 3849 681 3857 —-
692 3817 917 3876 etan,
930 3819 1025 3866 wie
1036 3820 1159 3867 auch
1171 3820 1249 3868 die
1261 3818 1486 3868 Laceda-

477 3888 669 3937 monier
710 3888 838 3938 dazu
880 3886 1223 3935 entschlossen
1262 3886 1386 3935 siud.
1418 3913 1489 3923 —-

478 3958 611 4020 quin,
637 3971 811 4021 wegen
840 3957 928 4006 des
953 3954 1220 4017 negativen
1245 3953 1487 4016 Begriffes

477 4024 527 4071 in
551 4030 869 4078 exemerunt.
888 4052 957 4062 --
977 4025 1207 4091 primum
1232 4022 1361 4072 kann
1381 4023 1487 4072 Ad-

1598 2882 1639 2915 s.
1669 2867 1726 2929 7,
1752 2865 1844 2924 36,
1875 2866 1919 2914 l.
1944 2894 2013 2904 —-
2038 2870 2180 2928 tunc,
2214 2866 2389 2932 spiiter
2412 2879 2521 2915 war
2548 2880 2604 2914 es

1596 2935 1794 2995 andere,
1821 2949 1861 2984 s.
1889 2932 1971 2997 39,
1998 2934 2088 2997 37,
2115 2933 2171 2994 2;
2209 2934 2335 2984 iiber
2369 2934 2448 2982 die
2472 2931 2604 2982 Her-

1597 3002 1819 3065 stellung
1848 3003 1941 3051 der
1972 3001 2148 3051 Mauer
2177 3001 2269 3052 auf
2295 3000 2607 3063 Anordnung

1596 3071 1685 3119 des
1710 3070 1832 3136 App.
1859 3069 2094 3120 Claudius
2121 3085 2162 3119 s.
2187 3067 2335 3119 PauS.
2363 3069 2408 3128 7,
2436 3068 2484 3131 9,
2512 3067 2563 3118 4.
2660 3091 2669 3105 ¹

1665 3127 1768 3189 38·
1810 3136 1973 3187 1—3.
2011 3141 2131 3187 tunc
2154 3136 2305 3202 quid„
2323 3134 2461 3199 jetzt
2485 3150 2602 3199 nun,

1595 3207 1658 3258 da
1683 3221 1741 3255 or
1761 3221 1861 3254 von
1881 3206 1974 3256 den
1994 3203 2258 3256 Ausffillen
2284 3205 2445 3253 nichts
2464 3205 2607 3253 mehr

1595 3290 1660 3323 zu
1694 3274 1938 3335 besor-gen
1974 3274 2082 3333 hat,
2118 3273 2206 3322 sah
2240 3287 2300 3321 er
2330 3272 2440 3333 ein,
2485 3272 2606 3321 dass

1595 3357 1690 3390 nur
1712 3342 1865 3401 noch3
1891 3339 2301 3393 wabrscheinlich
2326 3340 2504 3389 stehen
2525 3339 2606 3389 die

1597 3409 1778 3459 Worte
1796 3410 1845 3459 in
1857 3409 2139 3472 Bezichung
2157 3424 2220 3457 zu
2231 3424 2272 3457 c.
2285 3406 2367 3469 33,
2379 3406 2428 3456 9.
2438 3434 2504 3443 —-
2515 3423 2606 3457 so·-

1594 3480 1699 3527 cios
1720 3492 1850 3536 nav„
1878 3477 1956 3526 die
1981 3477 2106 3526 auch
2132 3482 2275 3526 sonst
2292 3475 2372 3524 bei
2392 3475 2609 3536 Belage-

1594 3559 1784 3607 rungen
1803 3544 1964 3607 thiitig
1982 3545 2111 3608 sind,
2130 3559 2172 3593 S.
2194 3559 2237 3593 c.
2254 3542 2334 3608 29,
2347 3543 2403 3603 ὃς
2424 3541 2507 3605 26,
2519 3541 2605 3591 48.

1593 3638 1662 3648 -
1710 3611 1781 3661 ad
1820 3614 1940 3674 via„
1991 3611 2292 3675 ungeachtet
2341 3625 2399 3658 er
2450 3611 2609 3659 sebon

1593 3680 1799 3741 liingere
1826 3677 1942 3729 Zeit
1975 3679 2024 3729 in
2057 3681 2148 3729 der
2184 3677 2391 3741 Gegend
2425 3677 2512 3726 ist.
2538 3704 2608 3713 —-

1596 3748 1916 3812 circumvola„
1941 3763 1981 3797 s,
2006 3763 2048 3796 c.
2079 3747 2156 3807 15,
2178 3745 2225 3795 3.
2247 3745 2533 3811 —suerat,
2562 3760 2608 3794 s,

1597 3815 1688 3878 39,
1722 3814 1809 3877 37,
1844 3814 1902 3876 23
1938 3815 1998 3874 53
2042 3813 2218 3880 Polyb.
2254 3813 2308 3876 ἦ,
2346 3812 2441 3871 233
2478 3813 2608 3861 nach

1595 3882 1726 3938 Plut.
1752 3883 1933 3949 Pyrrh.
1959 3881 2024 3931 29
2047 3883 2115 3932 ist
2142 3882 2222 3931 die
2247 3881 2397 3931 stadt
2427 3880 2477 3928 in
2513 3881 2612 3929 der

1595 3950 1707 4001 Eile
1755 3942 1905 4001 sebon
1963 3965 2120 4013 gegen
2170 3948 2423 4015 PyrrhuS,
2480 3950 2610 3997 nach

1594 4018 1807 4069 Pausan.
1836 4019 1892 4081 7,
1928 4017 1984 4080 8,
2018 4017 2049 4067 3
2085 4017 2165 4067 bei
2198 4013 2612 4087 dem Ueberfall
