2861 4550
366 1606 450 1666 62

475 346 597 410 348
1079 342 1275 397 LIBER
1308 341 1555 396 XXXIV.
1615 342 1758 395 cAP.
1785 343 1867 395 61.
1895 342 1978 397 62.

2365 367 2408 399 ι.
2427 367 2474 398 ιι.
2490 355 2588 401 561.

473 499 587 560 iam
618 506 676 560 et
704 496 985 561 custodiri
1015 497 1370 573 iubentibus,
1401 497 1525 561 aliis
1553 497 1898 577 negantibus
1927 496 2322 560 tumultuandi
2352 514 2587 561 causam

370 599 430 649 13
473 604 625 646 esse.
682 583 818 645 mali
858 602 983 644 rem
1024 584 1275 664 exempli
1314 603 1448 646 esse
1493 585 1564 646 de
1607 583 1790 646 nihilo
1832 583 2099 664 hospites
2141 583 2374 663 corripi.
2428 584 2590 644 idem

473 668 1050 746 Carthaginiensibus
1080 678 1139 730 et
1159 669 1294 750 Tyri
1324 678 1380 731 et
1407 670 1471 730 in
1501 669 1627 731 aliis
1657 668 1956 748 emporiiS,
1988 673 2054 730 in
2081 687 2228 749 quae
2256 669 2591 748 frequenter

371 762 433 811 14
476 761 895 838 commearent,
934 762 1298 817 eventurum.
1352 755 1525 816 dilata
1554 774 1624 817 eo
1656 754 1747 816 die
1775 772 1870 816 res
1900 762 2008 816 est.
2096 755 2335 816 Ariston
2364 754 2613 838 Punico-

472 839 708 918 ingenio
740 840 889 901 inter
917 840 1153 901 Poenos
1183 859 1329 902 usus
1359 839 1597 902 tabellas
1637 840 2001 920 conscriptas
2041 839 2416 901 celeberrimo
2456 840 2591 902 loco

473 943 654 1003 super
684 926 885 986 sedem
927 925 1274 986 cotidianam
1312 926 1714 1004 magistratum
1756 925 1945 1006 prima
1982 944 2223 1005 vespera
2263 925 2590 1005 suspendit,

370 1024 430 1074 15
475 1012 600 1090 ipse
630 1011 701 1072 de
731 1010 894 1071 tertia
926 1010 1113 1088 vigilia
1144 1030 1348 1077 navem
1382 1011 1725 1073 conscendit
1753 1019 1811 1072 et
1849 1010 2124 1091 profugit.
2210 1019 2451 1090 postero
2497 1011 2594 1072 die

473 1114 604 1156 cum
635 1096 853 1157 sufetes
895 1097 970 1157 ad
1009 1096 1100 1158 ius
1140 1096 1449 1158 dicendum
1488 1096 1920 1172 consedissent,
1965 1104 2313 1176 conspectae
2353 1095 2595 1158 tabellae

473 1182 858 1260 demptaeque
887 1189 944 1242 et
963 1180 1159 1243 lectae.
1206 1182 1490 1262 scriptum
1516 1191 1636 1244 erat
1658 1182 1989 1244 Aristonem
2012 1180 2277 1261 privatim
2304 1181 2375 1243 ad
2398 1182 2592 1243 nemi-

472 1286 638 1339 nem,
679 1266 909 1345 publice
946 1266 1017 1327 ad
1058 1268 1320 1329 seniores
1350 1303 1435 1313 --
1465 1268 1542 1328 ita
1583 1276 1850 1330 senatum
1891 1268 2175 1329 vocabant
2202 1302 2288 1312 —-
2317 1268 2590 1329 mandata

369 1357 430 1408 16
471 1351 765 1412 habuisse.
796 1351 1089 1432 publicato
1114 1352 1354 1414 crimine
1379 1353 1578 1414 minus
1603 1354 1823 1414 intenta
1846 1354 1918 1415 de
1938 1352 2138 1433 paucis
2163 1353 2426 1432 quaestio
2450 1362 2595 1415 erat.

473 1437 622 1497 mitti
652 1445 847 1499 tamen
876 1438 1094 1516 legatos
1118 1438 1384 1512 Romam,
1417 1439 1514 1520 qui
1545 1456 1670 1500 rem
1702 1440 1773 1499 ad
1805 1439 2076 1502 consules
2107 1447 2164 1500 et
2192 1446 2461 1501 senatum
2486 1438 2591 1501 de-

477 1524 708 1596 ferrent,
740 1522 978 1603 placuit3
1009 1523 1185 1584 simul
1215 1524 1312 1603 qui
1344 1525 1416 1586 de
1443 1524 1670 1587 iniuriis
1699 1523 2042 1586 Masinissae
2071 1533 2474 1604 quererentur.

644 1608 952 1669 Masinissa
989 1618 1304 1689 postquam
1344 1618 1400 1671 et
1437 1610 1685 1671 infames
1716 1609 2206 1688 Carthaginiensis
2244 1618 2303 1672 et
2338 1611 2491 1672 inter
2530 1629 2599 1672 se

473 1696 639 1772 ipsos
686 1694 985 1754 discordes
1030 1698 1228 1769 sensit,
1268 1695 1632 1774 principibus
1678 1703 1922 1776 propter
1965 1695 2251 1776 colloquia
2294 1695 2594 1757 Aristonis

400 1784 431 1834 2
474 1778 725 1852 senatui,
765 1786 973 1841 senatu
1010 1788 1253 1859 propter
1290 1781 1568 1842 indicium
1606 1781 1871 1843 eiusdem
1900 1781 2192 1843 Aristonis
2222 1781 2446 1861 populo
2485 1801 2596 1842 su·-

473 1871 694 1944 specto,
722 1865 919 1926 locum
948 1863 1191 1926 iniuriae
1220 1884 1352 1927 esse
1380 1874 1542 1928 ratus
1565 1885 1770 1946 agrum
1793 1866 2151 1928 maritimum
2175 1884 2383 1931 eorum
2407 1874 2464 1927 et
2483 1867 2596 1928 de-

471 2034 522 2083 in
546 2032 705 2096 Fulge
730 2033 911 2085 davon.
935 2064 983 2072 -
1002 2036 1122 2099 iam,
1149 2034 1287 2098 jetzt
1310 2036 1479 2101 sehon,

472 2101 563 2150 che
589 2116 647 2150 er
669 2100 975 2163 vollstiindig
1007 2101 1271 2152 iiberfiihrt
1295 2105 1387 2153 sei.
1410 2131 1481 2141 —-

471 2167 597 2218 mali
617 2185 721 2232 ew„
747 2166 828 2230 26,
855 2167 902 2232 2,
929 2168 977 2218 2.
1002 2197 1067 2205 ——
1092 2169 1155 2219 de
1176 2170 1356 2233 nihilo,
1394 2170 1476 2234 30,

473 2235 555 2300 29,
581 2236 635 2287 4:
668 2253 788 2306 spes
818 2252 920 2288 non
954 2235 1017 2288 de
1038 2238 1195 2290 nihilo
1220 2243 1477 2308 concepta.

472 2334 538 2343 ——·
562 2307 619 2355 in
660 2322 789 2373 quae
820 2335 889 2343 -
920 2322 1191 2359 commear.
1233 2309 1301 2359 ist
1340 2309 1482 2359 unsi-

472 2376 611 2441 cher‚
647 2376 725 2425 die
761 2374 874 2426 Hss.
910 2375 1066 2425 haben
1103 2393 1231 2443 quae
1254 2406 1309 2414 —
1343 2392 1481 2429 com-

470 2447 665 2506 meant,
722 2458 778 2494 es
826 2443 1015 2494 ko‘nnte
1062 2447 1187 2495 auch
1235 2463 1334 2512 quo
1380 2447 1480 2496 und

472 2513 823 2563 commeabant
845 2527 887 2561 s.
913 2528 956 2562 c.
985 2511 1163 2577 62,13‚
1191 2515 1314 2565 oder
1338 2529 1479 2565 com—

471 2584 642 2630 meent
664 2580 881 2630 heissen.

543 2648 775 2699 14-16.
821 2650 956 2700 inter
995 2650 1177 2718 Poen.,
1218 2651 1280 2701 da
1324 2665 1383 2701 er
1420 2665 1477 2700 es

471 2717 562 2767 mit
584 2716 640 2767 P.
666 2734 730 2767 zu
754 2718 876 2768 thuu
899 2720 1054 2770 hatte.
1078 2747 1146 2757 --
1171 2719 1320 2771 celeb.
1346 2718 1473 2779 loco,

471 2784 681 2851 Appian.
720 2802 763 2836 c.
798 2784 851 2836 8:
897 2785 1011 2854 πρὸ
1049 2787 1151 2839 τοῦ
1179 2788 1472 2854 βουλευτη-

472 2858 615 2920 ρίου.
639 2853 924 2921 —sedem‚
968 2857 1065 2908 wie
1109 2858 1197 2906 das
1238 2856 1483 2906 Tribunai

470 2925 562 2972 det·
609 2921 905 2986 Magistrate
962 2925 1011 2974 in
1066 2924 1206 2976 Rom.
1254 2952 1322 2961 --
1366 2941 1483 2975 ma-

466 2993 777 3057 gistratum,
813 3006 855 3040 s.
882 2990 930 3051 4,
958 2992 1039 3056 20,
1066 2991 1124 3056 8,
1166 2994 1259 3043 der
1290 2993 1480 3058 plural,

471 3060 589 3110 weil
615 3060 741 3111 zwei
770 3058 979 3111 Sufeten
1013 3076 1213 3126 waren,
1246 3059 1279 3126 ξ
1308 3061 1387 3111 15.
1415 3089 1481 3100 —-

471 3127 535 3178 de
558 3132 675 3178 tert.
699 3130 826 3193 vig„
859 3127 941 3192 40,
969 3129 1017 3192 4,
1048 3128 1137 3191 105
1164 3129 1245 3189 28,
1275 3129 1321 3189 7,
1350 3128 1406 3190 33
1434 3129 1482 3191 9,

471 3195 553 3254 44,
586 3193 676 3255 1ος
725 3195 827 3257 vgl.
854 3194 901 3257 8,
928 3196 1008 3258 23,
1041 3196 1119 3246 15.
1151 3224 1220 3234 -
1260 3197 1482 3262 consed„

472 3262 520 3325 3,
547 3261 629 3326 46,
665 3261 722 3322 9;
759 3260 851 3324 26,
876 3262 968 3326 48,
996 3264 1043 3313 9.
1068 3292 1135 3300 -
1168 3266 1395 3330 sufetes,
1439 3281 1480 3316 S.

473 3329 554 3391 30,
581 3330 627 3394 7,
657 3330 714 3390 53
743 3329 817 3379 sie
842 3330 951 3380 sind
978 3331 1104 3393 also,
1129 3347 1236 3382 was
1263 3334 1354 3382 der
1378 3332 1483 3383 Na·-

470 3413 548 3448 me
597 3398 900 3464 schophetim
944 3399 1206 3462 bedentet‚
1260 3401 1482 3467 Richter,

472 3465 742 3516 Vorsitzer
765 3466 852 3516 des
882 3465 1130 3530 Gerichts,
1156 3484 1197 3518 s.
1223 3467 1303 3538 33,
1322 3468 1404 3532 46,
1426 3469 1481 3521 3:

536 3537 696 3584 aeter.
732 3561 801 3572 —
829 3536 1073 3603 privatim
1115 3536 1253 3598 (eine
1295 3538 1480 3588 andere

516 3608 655 3651 esart
679 3602 747 3652 ist
803 3605 993 3672 νέωτα,
1033 3620 1076 3655 s,
1102 3603 1186 3668 27,
1217 3605 1292 3671 12,
1317 3605 1406 3667 15;
1437 3606 1482 3673 5,

472 3670 555 3735 51,
582 3671 642 3732 53
671 3668 719 3734 2,
780 3671 936 3738 0,11)
973 3673 1044 3725 ad
1072 3690 1233 3741 nem,
1271 3674 1371 3738 vgl.
1398 3674 1477 3741 22,

471 3739 552 3806 49,
583 3738 667 3789 1οε
711 3738 912 3807 publice
947 3745 1186 3810 patribus
1208 3770 1276 3780 —-
1304 3746 1481 3811 priva-

472 3810 565 3859 tim
594 3808 649 3872 Q.
676 3808 867 3873 Fabio‚·
901 3807 943 3873 1,
964 3809 1047 3874 39,
1067 3810 1115 3861 3.
1141 3839 1212 3850 —-
1233 3814 1481 3877 seniores,

473 3876 706 3944 Appiam:
728 3873 857 3935 τοὺς
872 3874 1170 3943 βουλευτάς
1178 3897 1197 3940 ,·
1215 3879 1273 3931 L.
1285 3881 1484 3931 scheint

471 3945 564 3995 den
591 3962 781 4010 ganzen
809 3946 967 3998 Senat
1000 3963 1064 3997 zu
1099 3948 1316 4013 danken‚
1352 3944 1484 4015 σύγ-

467 4013 692 4080 κλητος,
725 4031 769 4067 s.
795 4013 973 4085 Polyb.
1004 4015 1083 4083 10,
1113 4015 1201 4078 183
1227 4015 1370 4068 Diod.
1400 4017 1481 4079 14,

1587 2036 1649 2089 47
1667 2053 1681 2098 3
1706 2035 1789 2100 20,
1817 2035 1910 2101 59,
1953 2036 2192 2087 w‘dhrend
2223 2051 2278 2086 es
2322 2036 2446 2087 nach
2482 2036 2599 2087 dem

1584 2119 1690 2154 was
1716 2120 1774 2154 er
1797 2104 1876 2167 30,
1906 2104 1984 2169 16,
2011 2104 2041 2153 3
2069 2111 2203 2171 stifft,
2238 2105 2362 2154 eher
2385 2105 2465 2155 die
2493 2103 2599 2156 Ge-

1588 2173 1725 2222 rusia
1747 2188 1879 2239 war,
1913 2188 1976 2224 an
2001 2173 2193 2222 welche
2218 2173 2295 2222 die
2321 2173 2480 2223 Sache
2507 2189 2601 2223 zu-

1587 2245 1696 2291 erst
1735 2240 1985 2292 berichtet
2024 2241 2215 2292 wurde.
2272 2241 2470 2293 Anders
2512 2241 2598 2293 Iu·-

1587 2310 1704 2360 stin.
1743 2310 1776 2360 l.
1813 2310 1873 2360 L:
1926 2308 2205 2378 perductus
2258 2313 2312 2361 in
2358 2315 2598 2363 senatum

1586 2394 1700 2429 cum
1722 2380 2165 2443 interrogaretur,
2201 2377 2275 2429 ad
2294 2395 2440 2445 quem
2473 2383 2603 2430 mis-

1588 2463 1680 2497 sus
1705 2450 1857 2510 esset,
1880 2446 2074 2497 Punico
2099 2449 2303 2513 ingenio
2330 2447 2604 2515 respondit

1586 2532 1643 2565 se
1674 2514 1746 2564 ad
1778 2516 2076 2566 universum
2109 2519 2348 2566 renatum
2377 2518 2602 2568 missum

1587 2590 1685 2634 etc.
1710 2609 1780 2620 --
1798 2581 2053 2652 publicato
2078 2582 2320 2635 bedentet
2337 2584 2437 2634 wol
2461 2585 2602 2636 hier:

1583 2651 1666 2702 fiir
1684 2652 1795 2702 eine
1814 2652 1893 2702 die
1914 2650 2289 2717 Gesammtheit,
2315 2652 2451 2703 nicht
2472 2653 2602 2703 Ein-

1583 2720 1754 2787 zelne‚
1829 2719 2135 2771 betreffende
2190 2720 2602 2785 Anschuldigung

1582 2788 1799 2854 erkliirt‚
1839 2789 1966 2839 dazu
2007 2791 2250 2852 gemacht.
2275 2815 2346 2828 ·—-
2375 2792 2592 2855 intenta,

1589 2858 1681 2908 mit
1702 2856 1999 2908 Nachdruck
2023 2857 2299 2908 heti-ichen.
2326 2889 2374 2896 —
2397 2862 2450 2909 et
2471 2876 2602 2923 sen„

1591 2941 1633 2975 s.
1661 2923 1742 2989 31,
1767 2923 1815 2989 3,
1841 2924 1887 2974 6.
1912 2952 1982 2962 -—
2012 2925 2171 2977 simul
2190 2933 2287 2979 etc.
2320 2925 2478 2977 hildet
2501 2928 2597 2980 den

1593 2993 1889 3058 Uebergang·
1912 3009 2023 3044 zum
2047 2994 2195 3058 Folg.

1659 3052 1764 3112 62.
1805 3061 1949 3113 1—3.
1985 3064 2236 3129 infames,
2272 3063 2473 3113 beiden
2499 3062 2603 3115 Ro-

1590 3146 1756 3194 mern,
1804 3131 1880 3180 als
1924 3145 2035 3181 zum
2068 3131 2239 3182 Abfall
2280 3131 2501 3196 geneigt.
2534 3160 2603 3169 -

1589 3198 1865 3261 discorda,
1885 3197 2092 3265 Appiam.
2112 3199 2221 3250 Lib.
2246 3216 2287 3250 c.
2310 3199 2399 3250 68:
2422 3200 2481 3250 οἳ
2496 3197 2605 3269 μὲν

1590 3259 1952 3339 teponniacum
1979 3266 2036 3317 οἳ
2060 3265 2123 3319 δὲ
2147 3264 2601 3337 ἐδημοκράτιζον,

1593 3340 1678 3392 οἷς
1724 3332 1789 3385 δὲ
1836 3326 2030 3406 ἤρεσκε
2060 3331 2503 3400 *Μασανάσσης,
2553 3353 2595 3386 ε.

1591 3401 1866 3455 Mommsen
1903 3404 1921 3452 1
1941 3439 1957 3469 ,
1992 3402 2108 3454 649.
2143 3433 2210 3442 --
2250 3407 2429 3467 sensit,
2477 3405 2602 3455 oder

1590 3473 1669 3523 ein
1723 3470 1976 3521 iihnliches
2028 3471 2185 3523 Wort
2234 3472 2363 3523 fehlt
2401 3473 2512 3523 hier
2553 3474 2601 3523 in

1590 3542 1683 3590 den
1726 3539 1838 3589 Hss.
1885 3568 1945 3576 --
1997 3543 2240 3609 princip„
2298 3541 2377 3591 die
2434 3557 2477 3591 c.
2521 3540 2602 3603 61,

1593 3608 1650 3660 11
1703 3608 2057 3659 bezeichneten
2101 3608 2364 3677 Bai-einer,
2410 3610 2602 3660 welche

1581 3676 1718 3741 jetzt
1748 3692 1809 3726 an
1843 3677 1935 3726 der
1968 3677 2140 3743 Spitze
2175 3678 2267 3728 der
2298 3677 2602 3729 demokrati-

1588 3746 1739 3796 schen
1774 3744 1943 3795 Partei
1985 3746 2188 3808 stehen,
2229 3747 2473 3797 wiihrend
2510 3748 2604 3798 der

1590 3813 1745 3864 Senat
1770 3813 1984 3863 romisch
2018 3814 2221 3877 gesinnt
2255 3814 2351 3879 ist,
2386 3814 2493 3879 vgl.
2519 3814 2602 3879 33,

1589 3881 1673 3946 46,
1699 3880 1749 3931 6.
1773 3910 1842 3918 --
1875 3897 2069 3948 agrum
2089 3899 2250 3944 mor„
2291 3884 2395 3947 vgl.
2422 3881 2598 3951 Polyb.

1590 3949 1686 4013 32,
1720 3950 1778 4000 2:
1821 3944 2122 4017 ἐπεβάλετο
2175 3945 2600 4018 καταπειράζειν

1589 4019 1699 4071 τῶν
1719 4016 2144 4089 Καρχηδονίων.
2162 4046 2232 4058 ·-
2247 4020 2344 4085 τῆς
2364 4018 2481 4090 μὲν
2497 4011 2601 4072 οὖν
