2861 4550
788 423 799 430 ,
842 328 851 334 ’
931 371 1126 426 LIBER
1159 370 1380 424 XXXII.
1433 370 1574 424 CAP.
1606 373 1795 426 10.11.

304 396 344 425 ..
367 385 565 430 0115198.
2198 346 2204 352 ”
2298 383 2415 443 115

303 533 688 605 temperatum
741 544 907 605 aegre
942 534 1060 600 est,
1113 526 1254 606 quin
1292 526 1641 598 missilibuS‚
1696 528 1825 607 quia
1888 529 2159 609 dirempti
2220 534 2414 596 medio

304 613 464 673 amni
494 613 740 685 fuerant,
770 630 1029 692 pugnam
1059 612 1212 673 inter
1241 632 1304 682 se
1335 620 1729 674 consererent.
1787 623 2040 691 postero·
2060 616 2152 677 die
2181 635 2286 696 per
2315 634 2415 680 ex·
2458 633 2489 683 9

306 697 612 759 cursiones
634 697 705 760 ab
726 697 1074 760 stationibus
1095 698 1289 778 primo
1306 697 1377 779 jn
1397 698 1637 777 planitie
1651 698 1798 759 satis
1824 701 1893 760 ad
1923 701 1982 762 id
2012 703 2234 781 patenti
2262 704 2415 766 mul-

304 790 364 843 ta
393 782 535 843 levia
569 784 895 848 commissa
924 784 1143 864 proelia
1173 790 1336 856 sunt,
1377 783 1587 845 deinde
1614 783 2022 863 recipientibus
2054 806 2117 849 se
2146 788 2323 866 regiis
2355 790 2417 850 in
2461 802 2538 868 10⁴

305 874 427 929 arta
479 875 536 928 et
574 869 924 948 confragosa
961 870 1087 930 loca
1127 868 1392 930 aviditate
1430 868 1659 931 accensi
1700 865 2031 931 certaniinis
2071 891 2141 934 eo
2184 892 2417 953 quoque

302 950 553 1016 Romani
590 963 982 1033 penetravere.
1043 973 1155 1034 pro
1191 954 1285 1015 his
1328 954 1475 1015 ordo
1517 961 1575 1014 et
1602 954 1867 1016 militaris
1900 955 2201 1035 disciplina
2231 968 2287 1020 et
2315 978 2415 1038 ge—
2461 970 2515 1020 11

300 1054 414 1099 nus
445 1056 749 1100 armorum
781 1051 928 1114 erat,
967 1047 1170 1119 aptum
1211 1039 1471 1119 tegendis
1511 1040 1889 1119 corporihu33
1931 1060 2040 1121 pro
2080 1043 2250 1104 hoste
2288 1045 2415 1108 loca

298 1131 361 1184 et
386 1121 729 1204 'catapultae
766 1125 1138 1205 ballistaeque
1182 1124 1247 1185 in
1294 1125 1573 1186 omnibus
1622 1144 1811 1205 prope
1853 1126 2103 1206 rupibus
2144 1128 2306 1207 quasi
2355 1129 2417 1190 in

297 1225 477 1271 muro
526 1209 864 1289 dispositae.
937 1211 1136 1274 multis
1188 1211 1326 1272 hinc
1376 1218 1550 1290 atque
1599 1210 1756 1272 illinc
1791 1212 2126 1273 vulneribus
2161 1215 2415 1293 acceptis
2463 1227 2523 1277 12

301 1311 436 1357 cum
467 1295 636 1379 etiam
654 1343 669 1368 ‚
710 1303 779 1358 ut
803 1296 864 1357 in
894 1296 1120 1376 proelio
1151 1296 1335 1372 iusto,
1384 1295 1604 1375 aliquot
1635 1295 2005 1373 cecidissent,
2042 1315 2162 1358 nox
2189 1316 2417 1378 pugnae

297 1379 475 1441 finem
505 1380 656 1443 fecit.
1203 1400 1215 1413 ·
2303 1436 2307 1439 ⁴

471 1465 619 1527 Cum
649 1466 708 1527 in
738 1466 857 1527 hoc
883 1473 1037 1528 statu
1066 1485 1165 1527 res
1188 1473 1367 1538 esset,
1395 1473 1601 1544 pastor
1630 1466 1861 1545 quidam
1892 1486 1924 1528 a
1947 1466 2218 1548 Charopo
2235 1469 2416 1548 prin·
2445 1477 2522 1539 11

300 1549 429 1629 cipe
455 1550 830 1630 EpIrotarum
860 1551 1080 1614 missus
1103 1550 1407 1614 deducitur
1437 1552 1511 1612 ad
1543 1552 1866 1612 consulem.
1924 1552 1975 1613 is
2009 1571 2073 1613 se
2103 1553 2164 1614 in
2197 1573 2267 1615 eo
2301 1556 2417 1617 sal-

198 1658 209 1668 ·
295 1642 378 1708 tu,
412 1635 509 1715 qui
531 1637 705 1717 regiis
729 1648 854 1698 tum
876 1644 1168 1698 teneretur
1190 1637 1417 1707 cestrie,
1451 1644 1782 1698 armentum
1803 1655 2044 1715 pascere
2074 1638 2314 1700 solitum
2337 1640 2417 1700 ait
2458 1654 2488 1703 2

298 1738 511 1782 omnes
561 1721 852 1784 montium
908 1740 1115 1784 eorum
1165 1724 1480 1786 amfractus
1523 1722 1812 1802 callesque
1850 1740 2050 1783 nosse.
2121 1724 2170 1784 si
2212 1743 2415 1788 secum
2459 1738 2488 1786 3

296 1804 524 1885 aliquos
564 1808 771 1870 consul
810 1807 1036 1869 mittere
1074 1807 1233 1881 velit,
1274 1827 1339 1868 se
1375 1824 1501 1868 non
1530 1807 1733 1888 iniquo
1757 1825 1874 1869 nec
1902 1808 2227 1888 perdifficili
2259 1810 2418 1872 aditu

297 1909 480 1971 super
520 1900 699 1971 caput
732 1891 995 1954 hostium
1040 1912 1145 1954 eos
1175 1893 1585 1955 deducturum.
1646 1894 1789 1953 haec
1814 1893 1915 1954 ubi
1947 1895 2154 1955 consul
2184 1895 2417 1969 audivit,
2458 1899 2490 1947 4

295 1985 735 2054 percunctatum
789 1978 859 2039 ad
903 1978 1241 2057 Charopum
1294 1978 1498 2052 mittit,
1554 1979 1777 2040 satisne
1828 1977 2184 2040 credendum
2238 1997 2419 2059 super

295 2067 455 2123 tanta
482 2059 556 2124 ‘re
597 2063 807 2143 agresti
847 2071 1124 2125 censeret.
1187 2063 1490 2144 Charopus
1527 2063 1849 2125 renuntiari
1877 2063 2063 2135 iubet,
2105 2064 2183 2126 ita
2214 2066 2416 2126 crede-
2461 2077 2470 2082 “

293 2260 353 2313 L.
378 2261 470 2329 28,
497 2263 553 2326 6,
584 2264 671 2327 10;
706 2265 799 2331 40,
826 2265 915 2330 37,
943 2266 991 2315 4.
1018 2293 1085 2302 -
1110 2268 1300 2333 tempe-

291 2335 393 2384 rat.
419 2359 488 2373 ·-
511 2335 660 2400 quin.-
691 2335 741 2385 in
767 2349 824 2384 so
859 2334 982 2384 weit
1013 2334 1302 2399 gciniiesigt7

297 2400 414 2450 dass
438 2401 576 2452 nicht
598 2402 738 2452 doch.
759 2431 826 2438 —
844 2406 961 2467 quia
985 2408 1080 2452 etc.
1106 2400 1305 2451 erkliirt

293 2469 612 2520 nastilibus.-
635 2469 772 2519 nicht
787 2483 878 2519 aus
895 2470 989 2519 der
1005 2468 1164 2532 Nalm,
1184 2468 1303 2518 weil

293 2563 365 2574 —
388 2537 702 2591 dazwischen
728 2552 853 2587 war.
878 2563 945 2574 --
973 2535 1217 2603 dirempti
1238 2564 1304 2572 -—

291 2605 534 2670 fuerant,
576 2621 672 2655 vor
703 2606 795 2655 der
819 2604 1171 2668 Unterredung
1198 2604 1301 2654 sich

295 2679 535 2736 getrennt
555 2672 853 2737 aufgestellt
875 2672 1063 2723 hatten.

363 2739 470 2790 9—
485 2740 564 2791 12.
599 2744 662 2793 ab
685 2744 809 2795 stat.
834 2741 1016 2803 gehiirt
1033 2756 1096 2791 zu
1116 2755 1304 2792 eoecur·

292 2811 490 2860 rienes:
538 2808 1044 2879 Vorpostengei'echt.
1091 2836 1155 2845 —
1202 2825 1300 2876 pro

292 2877 396 2941 hie,
429 2877 518 2940 28,
547 2877 637 2940 33,
664 2878 712 2928 9.
737 2905 806 2915 -
827 2880 1035 2945 aptum,
1067 2878 1156 2926 das
1186 2877 1298 2934 lide.

292 2945 519 3012 amplum
552 2946 622 2997 ist
652 2946 752 2997 wol
787 2945 1160 3009 verschrieben‚
1196 2960 1301 2995 we-

292 3012 517 3076 nigstens
556 3015 695 3067 wiire
738 3015 817 3065 die
852 3013 1178 3076 Verbindung
1211 3013 1302 3063 mit

290 3080 399 3131 dem
433 3081 583 3135 Dativ
614 3082 1011 3147 ungewiihulich.
1043 3109 1113 3117 —-
1146 3096 1300 3132 muro

287 3149 575 3214 allgemein:
602 3152 697 3202 wie
720 3150 1031 3216 (iiber-haupt)
1052 3148 1144 3200 auf
1156 3149 1300 3199 einer

287 3216 467 3269 Mauer
504 3219 785 3271 Geschiitzc
827 3218 1124 3284 aufgeetellt
1162 3231 1298 3268 wer-

288 3285 523 3401 {gn'i'sl‘
544 3288 644 3350 c.5,
668 3287 773 3339 121.
794 3315 862 3325 -—
877 3287 1034 3357 procl.
1054 3290 1193 3338 iusto
1216 3285 1299 3353 31,

359 3411 464 3486 11,
493 3421 538 3470 1.
573 3426 756 3489 pastor
782 3431 908 3487 etc.,
938 3424 1124 3475 ebenso
1156 3424 1296 3474 hatte

285 3487 480 3540 Ennius
500 3487 632 3538 Ann.
647 3489 724 3551 10,
744 3490 829 3540 eff.
845 3491 998 3557 (338),
1013 3508 1055 3542 s.
1071 3491 1172 3543 Cic.
1183 3490 1292 3541 Cat.

285 3572 351 3607 m.
390 3556 456 3621 1.,
483 3558 563 3607 die
590 3557 748 3606 Sache
774 3560 992 3609 erziihlt:
1027 3561 1296 3611 solb‘citart'

286 3629 337 3674 te
380 3624 494 3677 Tite
533 3627 612 3676 sic
648 3629 920 3691 noctesque
965 3627 1182 3692 diesque.
1226 3654 1295 3664 —-

289 3692 330 3743 0
357 3692 470 3745 Tite
491 3697 543 3744 εἰ
572 3692 696 3759 quid
727 3697 778 3743 te
809 3693 1022 3746 adiuero
1054 3710 1296 3746 curamve

287 3761 501 3824 levasso,
529 3761 670 3824 Quae
691 3778 828 3812 mmc
852 3766 903 3812 te
924 3766 1092 3827 coquit
1115 3767 1166 3812 et
1182 3777 1297 3812 ver-

286 3834 373 3881 sat
391 3834 446 3881 in
461 3834 667 3898 pectore
676 3831 815 3897 fixa,
841 3831 1019 3896 ecquid
1034 3834 1295 3898 eritprae-

284 3900 375 3949 mi.
399 3925 468 3935 —
491 3897 582 3949 Ille
603 3900 687 3950 vir
712 3899 858 3962 (eben
888 3900 980 3949 der
1004 3899 1139 3959 Birt)
1168 3899 1299 3950 haut

282 3982 478 4031 mag-na
498 3981 616 4017 cum
639 3983 698 4017 re
719 3971 804 4018 eet
820 3967 1005 4036 plenus
1017 3967 1165 4034 fidei,
1193 3967 1296 4017 fer-

285 4049 381 4084 ner
402 4033 545 4084 Diod.
566 4032 657 4101 30,
687 4036 743 4097 53
770 4038 993 4100 dagegeu
1017 4035 1150 4086 Plut.
1175 4036 1210 4087 l.
1239 4036 1294 4086 1.:

1411 2263 1748 2333 προσῆλθον
1765 2256 2066 2333 ἅνθρωποι
2085 2264 2197 2317 τῶν
2215 2258 2418 2317 αὐτόθι

1409 2325 1698 2399 νεμόντων
1718 2326 2064 2399 --“γνώστην
2096 2331 2161 2385 δὲ
2193 2335 2291 2399 τῆς
2317 2336 2416 2384 πί-

1413 2408 1583 2455 στεως
1614 2403 1953 2480 πᾳρείχοντο
1987 2401 2081 2451 καὶ
2120 2398 2420 2467 βεβαιωτὴν

1416 2461 1666 2534 Χάροπα
1685 2466 1784 2520 τὸν
1793 2463 2418 2539 Μαχάτα,πρωτεύοντα

1409 2531 1518 2603 μὲν
1545 2528 1929 2604 Ἠπειρωτῶν,
1974 2531 2170 2590 εὔνουν
2204 2536 2267 2589 δὲ
2285 2533 2418 2589 Ῥω-

1409 2604 1606 2671 μαίοις
1670 2596 1805 2655 ὄντα
1862 2604 1955 2655 καὶ
2011 2601 2199 2676 κρύφα
2257 2603 2417 2676 φόβῳ

1409 2668 1511 2720 τοῦ
1546 2670 1844 2723 Φιλίππου
1875 2670 2420 2745 συναγωνιζόμενον,-

1409 2738 1595 2788 ebenso
1622 2739 1742 2790 Aur.
1769 2740 1902 2793 Vict.
1929 2741 1985 2791 51
2008 2759 2021 2790 z
2045 2741 2258 2792 ducibus
2286 2742 2418 2792 Cha-

1407 2821 1565 2874 ropae
1585 2810 1836 2875 principis·
1854 2811 2172 2876 pastoribus.
2196 2836 2266 2847 —-—
2290 2809 2417 2861 elza-

1408 2876 1816 3008 i'ii'iffipriifissss't
1829 2876 2420 3012 frr‘sssssssssfzjziissssz‘

1408 3010 1509 3059 τοῦ
1556 3010 1857 3062 Φίλιππον
1894 3009 2004 3080 μὲν
2048 3010 2310 3064 ἐκπεσεῖν
2358 3012 2419 3064 ἐκ

1406 3077 1502 3141 τῆς
1537 3071 1832 3149 Ἠπείρου,
1882 3080 2053 3131 Τίτον
2094 3077 2158 3129 δὲ
2199 3081 2290 3130 καὶ
2324 3082 2421 3147 τῆς

1403 3141 1677 3214 Ἠπείρου
1708 3146 1981 3216 κρατῆσαι
2014 3147 2107 3199 καὶ
2139 3148 2249 3201 ’τῶν
2284 3153 2418 3201 Μα-

1404 3208 1667 3266 κεδόνων.
1750 3248 1757 3259 ·
1973 3219 1977 3222 ⁴
2455 3276 2465 3281 ⁴

1475 3282 1507 3334 2
1522 3310 1586 3319 -
1600 3282 1648 3333 4.
1675 3287 1952 3351 temeretur,
1972 3285 2074 3348 vgl.
2093 3284 2175 3352 44,
2196 3285 2241 3352 6,
2259 3286 2287 3334 5
2301 3303 2348 3336 u.
2369 3301 2416 3337 a.

1405 3353 1671 3418 amfract„
1715 3353 1795 3402 die
1828 3351 2150 3416 Windungeu
2188 3355 2276 3404 des
2310 3370 2417 3405 um·

1405 3420 1728 3483 fungi-eichen
1754 3419 2015 3485 Gebirges‚
2044 3423 2103 3472 da
2132 3423 2223 3473 der
2248 3421 2415 3488 Gipi'el

1403 3495 1515 3539 eret
1547 3504 1626 3539 am
1660 3489 1709 3540 3.
1744 3487 1881 3553 Tage
1916 3491 2137 3540 erreioht
2170 3490 2315 3540 wird.
2347 3519 2415 3528 —

1402 3557 1538 3619 velit,
1564 3574 1608 3607 c.
1634 3558 1689 3619 7,
1718 3557 1795 3607 11.
1818 3586 1884 3595 -
1909 3574 2067 3626 supet·
2091 3558 2187 3608 wie
2211 3558 2245 3624 ξ
2272 3558 2318 3609 8.
2348 3587 2414 3597 -—

1401 3625 1698 3688 deducitur,
1740 3641 1839 3676 von
1873 3627 2030 3676 ihrem
2065 3627 2413 3692 Staudpunkte

1401 3708 1535 3754 weg
1584 3695 1708 3742 nach
1766 3694 1926 3744 ciuem
1971 3694 2142 3757 Ziele‚
2192 3695 2413 3744 welches

1399 3759 1526 3809 auch
1552 3762 1665 3809 eine
1691 3759 1825 3812 Hohe
1852 3764 1957 3812 sein
1983 3763 2143 3822 kann,
2171 3763 2270 3811 hin
2297 3762 2410 3811 fiih·

1401 3843 1511 3890 ren,
1523 3827 1556 3892 ξ
1572 3828 1613 3892 1,
1625 3828 1820 3878 iihnlich
1842 3831 2090 3881 coloniam
2097 3829 2348 3881 deducere
2361 3833 2413 3879 iu

1399 3911 1592 3962 agrum
1615 3896 1704 3962 26,
1729 3896 1786 3959 3,
1812 3896 1873 3959 4;
1907 3900 1965 3948 in
1987 3899 2098 3949 loca
2118 3899 2294 3962 iniqua
2328 3896 2415 3946 de-

1401 3963 1635 4030 ductum,
1669 3966 1718 4014 in
1742 3965 2124 4029 iibertragencm
2149 3965 2327 4015 Sinne:
2355 3982 2413 4017 eo

1402 4032 1620 4085 deducta
1636 4038 1720 4084 est
1737 4049 1823 4083 res
1842 4034 1924 4098 34,
1944 4034 2094 4095 40,-4.
2114 4059 2182 4069 ——
2199 4049 2357 4102 super
2376 4038 2412 4084 t.
2490 4102 2498 4107 υ

1939 4118 2005 4167 8.
