<?xml version="1.0" encoding="UTF-8"?>
<!DOCTYPE html PUBLIC "-//W3C//DTD XHTML 1.0 Transitional//EN"
    "http://www.w3.org/TR/xhtml1/DTD/xhtml1-transitional.dtd">
<html xmlns="http://www.w3.org/1999/xhtml" xml:lang="en" lang="en">
 <head>
  <title>
</title>
<meta http-equiv="Content-Type" content="text/html;charset=utf-8" />
  <meta name='ocr-system' content='tesseract 3.04.00' />
  <meta name='ocr-capabilities' content='ocr_page ocr_carea ocr_par ocr_line ocrx_word'/>
</head>
<body>
  <div class='ocr_page' id='page_1' title='image "./titiliviaburbec11livygoog_0327.png"; bbox 0 0 2861 4550; ppageno 0'>
   <div class='ocr_carea' id='block_1_1' title="bbox 249 336 1756 395">
    <p class='ocr_par' dir='ltr' id='par_1_1' title="bbox 249 336 1756 395">
     <span class='ocr_line' id='line_1_1' title="bbox 249 336 1756 395; baseline 0 -3"><span class='ocrx_word' id='word_1_1' title='bbox 249 362 288 392; x_wconf 71' lang='grc' dir='ltr'><strong>ι.</strong></span> <span class='ocrx_word' id='word_1_2' title='bbox 310 351 392 395; x_wconf 75' lang='lat' dir='ltr'><strong>ch.</strong></span> <span class='ocrx_word' id='word_1_3' title='bbox 415 350 509 393; x_wconf 74' lang='grc'><strong>195.</strong></span> <span class='ocrx_word' id='word_1_4' title='bbox 864 336 1056 393; x_wconf 80' lang='lat' dir='ltr'>LIBER</span> <span class='ocrx_word' id='word_1_5' title='bbox 1091 337 1336 393; x_wconf 81' lang='lat' dir='ltr'><strong>XXXIV.</strong></span> <span class='ocrx_word' id='word_1_6' title='bbox 1392 339 1535 393; x_wconf 83' lang='lat' dir='ltr'>CAP.</span> <span class='ocrx_word' id='word_1_7' title='bbox 1563 339 1645 392; x_wconf 80' lang='lat'><strong>39.</strong></span> <span class='ocrx_word' id='word_1_8' title='bbox 1671 340 1756 392; x_wconf 86' lang='grc'><strong>40.</strong></span> 
     </span>
    </p>
   </div>
   <div class='ocr_carea' id='block_1_2' title="bbox 199 344 2480 2366">
    <p class='ocr_par' dir='ltr' id='par_1_2' title="bbox 246 344 2475 916">
     <span class='ocr_line' id='line_1_2' title="bbox 2240 344 2363 406; baseline 0.008 -1"><span class='ocrx_word' id='word_1_9' title='bbox 2240 344 2363 406; x_wconf 84' lang='grc'><strong>319</strong></span> 
     </span>
     <span class='ocr_line' id='line_1_3' title="bbox 249 489 2441 576; baseline 0.003 -23"><span class='ocrx_word' id='word_1_10' title='bbox 249 499 415 573; x_wconf 87' lang='lat' dir='ltr'><strong>capta</strong></span> <span class='ocrx_word' id='word_1_11' title='bbox 445 489 592 552; x_wconf 89' lang='lat' dir='ltr'><strong>urbe</strong></span> <span class='ocrx_word' id='word_1_12' title='bbox 620 491 938 571; x_wconf 71' lang='lat' dir='ltr'><strong>trepidam,</strong></span> <span class='ocrx_word' id='word_1_13' title='bbox 970 510 1220 572; x_wconf 86' lang='lat' dir='ltr'><strong>quanam</strong></span> <span class='ocrx_word' id='word_1_14' title='bbox 1242 492 1371 574; x_wconf 90' lang='lat' dir='ltr'><strong>ipse</strong></span> <span class='ocrx_word' id='word_1_15' title='bbox 1393 497 1658 558; x_wconf 87' lang='lat' dir='ltr'><strong>evaderet</strong></span> <span class='ocrx_word' id='word_1_16' title='bbox 1680 495 2222 576; x_wconf 80' lang='lat' dir='ltr'><strong>circumspectabat3</strong></span> <span class='ocrx_word' id='word_1_17' title='bbox 2251 496 2366 576; x_wconf 77' lang='lat' dir='ltr'><strong>Py·</strong></span> <span class='ocrx_word' id='word_1_18' title='bbox 2407 509 2441 559; x_wconf 78' lang='grc'>9</span> 
     </span>
     <span class='ocr_line' id='line_1_4' title="bbox 246 578 2369 660; baseline 0.001 -19"><span class='ocrx_word' id='word_1_19' title='bbox 246 578 520 656; x_wconf 82' lang='lat' dir='ltr'><strong>thagoras</strong></span> <span class='ocrx_word' id='word_1_20' title='bbox 550 578 785 643; x_wconf 80' lang='lat' dir='ltr'><strong>cumad</strong></span> <span class='ocrx_word' id='word_1_21' title='bbox 823 585 1012 641; x_wconf 86' lang='lat' dir='ltr'><strong>cetera</strong></span> <span class='ocrx_word' id='word_1_22' title='bbox 1047 578 1245 641; x_wconf 90' lang='lat' dir='ltr'><strong>animo</strong></span> <span class='ocrx_word' id='word_1_23' title='bbox 1287 580 1596 660; x_wconf 85' lang='lat' dir='ltr'><strong>officioque</strong></span> <span class='ocrx_word' id='word_1_24' title='bbox 1633 580 1800 643; x_wconf 87' lang='lat' dir='ltr'><strong>ducis</strong></span> <span class='ocrx_word' id='word_1_25' title='bbox 1829 581 2198 660; x_wconf 81' lang='lat' dir='ltr'><strong>fungebatur,</strong></span> <span class='ocrx_word' id='word_1_26' title='bbox 2227 589 2369 643; x_wconf 89' lang='lat' dir='ltr'><strong>tunc</strong></span> 
     </span>
     <span class='ocr_line' id='line_1_5' title="bbox 246 664 2367 745; baseline 0.004 -25"><span class='ocrx_word' id='word_1_27' title='bbox 246 681 385 724; x_wconf 83' lang='lat' dir='ltr'><strong>vero</strong></span> <span class='ocrx_word' id='word_1_28' title='bbox 416 680 588 736; x_wconf 87' lang='grc'><strong>113118,</strong></span> <span class='ocrx_word' id='word_1_29' title='bbox 624 681 699 724; x_wconf 90' lang='lat' dir='ltr'><strong>ne</strong></span> <span class='ocrx_word' id='word_1_30' title='bbox 730 672 1032 742; x_wconf 87' lang='lat' dir='ltr'><strong>caperetur</strong></span> <span class='ocrx_word' id='word_1_31' title='bbox 1058 664 1426 745; x_wconf 24' lang='lat' dir='ltr'><strong>urbs-causa</strong></span> <span class='ocrx_word' id='word_1_32' title='bbox 1458 667 1592 729; x_wconf 83' lang='lat' dir='ltr'><strong>suit:</strong></span> <span class='ocrx_word' id='word_1_33' title='bbox 1623 665 1896 727; x_wconf 79' lang='lat' dir='ltr'><strong>succendi</strong></span> <span class='ocrx_word' id='word_1_34' title='bbox 1924 666 2080 728; x_wconf 87' lang='lat' dir='ltr'><strong>enim</strong></span> <span class='ocrx_word' id='word_1_35' title='bbox 2111 668 2367 729; x_wconf 88' lang='lat' dir='ltr'><strong>aedificia</strong></span> 
     </span>
     <span class='ocr_line' id='line_1_6' title="bbox 247 748 2475 830; baseline 0.004 -22"><span class='ocrx_word' id='word_1_36' title='bbox 247 748 517 827; x_wconf 84' lang='lat' dir='ltr'><strong>proxima</strong></span> <span class='ocrx_word' id='word_1_37' title='bbox 562 765 735 811; x_wconf 87' lang='lat' dir='ltr'><strong>muro</strong></span> <span class='ocrx_word' id='word_1_38' title='bbox 775 748 964 811; x_wconf 86' lang='lat' dir='ltr'><strong>iussit.</strong></span> <span class='ocrx_word' id='word_1_39' title='bbox 1034 767 1181 827; x_wconf 88' lang='lat' dir='ltr'><strong>quae</strong></span> <span class='ocrx_word' id='word_1_40' title='bbox 1223 768 1356 811; x_wconf 89' lang='lat' dir='ltr'><strong>cum</strong></span> <span class='ocrx_word' id='word_1_41' title='bbox 1395 759 1700 813; x_wconf 88' lang='lat' dir='ltr'><strong>momento</strong></span> <span class='ocrx_word' id='word_1_42' title='bbox 1738 751 2024 830; x_wconf 83' lang='lat' dir='ltr'><strong>temporis</strong></span> <span class='ocrx_word' id='word_1_43' title='bbox 2063 752 2367 826; x_wconf 83' lang='lat' dir='ltr'><strong>arsissent,</strong></span> <span class='ocrx_word' id='word_1_44' title='bbox 2415 767 2475 817; x_wconf 89' lang='lat'><strong>10</strong></span> 
     </span>
     <span class='ocr_line' id='line_1_7' title="bbox 248 832 2370 916; baseline 0 -19"><span class='ocrx_word' id='word_1_45' title='bbox 248 841 313 897; x_wconf 88' lang='lat' dir='ltr'><strong>ut</strong></span> <span class='ocrx_word' id='word_1_46' title='bbox 355 832 760 901; x_wconf 80' lang='lat' dir='ltr'><strong>adiuvantibus</strong></span> <span class='ocrx_word' id='word_1_47' title='bbox 789 834 1012 913; x_wconf 82' lang='lat' dir='ltr'><strong>ignem,</strong></span> <span class='ocrx_word' id='word_1_48' title='bbox 1049 833 1151 913; x_wconf 88' lang='lat' dir='ltr'><strong>qui</strong></span> <span class='ocrx_word' id='word_1_49' title='bbox 1190 833 1327 896; x_wconf 87' lang='lat' dir='ltr'><strong>alias</strong></span> <span class='ocrx_word' id='word_1_50' title='bbox 1366 837 1438 897; x_wconf 88' lang='lat' dir='ltr'><strong>ad</strong></span> <span class='ocrx_word' id='word_1_51' title='bbox 1475 834 1964 915; x_wconf 81' lang='lat' dir='ltr'><strong>exstinguendum</strong></span> <span class='ocrx_word' id='word_1_52' title='bbox 2007 855 2180 916; x_wconf 89' lang='lat' dir='ltr'><strong>opem</strong></span> <span class='ocrx_word' id='word_1_53' title='bbox 2221 840 2370 900; x_wconf 83' lang='lat' dir='ltr'><strong>ferre</strong></span> 
     </span>
    </p>

    <p class='ocr_par' dir='ltr' id='par_1_3' title="bbox 199 919 2479 1596">
     <span class='ocr_line' id='line_1_8' title="bbox 199 919 2473 1002; baseline 0.003 -21"><span class='ocrx_word' id='word_1_54' title='bbox 199 960 209 969; x_wconf 86' lang='lat'>-</span> <span class='ocrx_word' id='word_1_55' title='bbox 249 919 462 991; x_wconf 81' lang='lat' dir='ltr'><strong>solent,</strong></span> <span class='ocrx_word' id='word_1_56' title='bbox 503 936 671 980; x_wconf 87' lang='lat' dir='ltr'><strong>ruere</strong></span> <span class='ocrx_word' id='word_1_57' title='bbox 710 919 773 980; x_wconf 90' lang='lat' dir='ltr'><strong>in</strong></span> <span class='ocrx_word' id='word_1_58' title='bbox 802 920 1106 982; x_wconf 87' lang='lat' dir='ltr'><strong>Romanos</strong></span> <span class='ocrx_word' id='word_1_59' title='bbox 1137 927 1312 995; x_wconf 86' lang='lat' dir='ltr'><strong>tecta,</strong></span> <span class='ocrx_word' id='word_1_60' title='bbox 1349 939 1459 983; x_wconf 86' lang='lat' dir='ltr'><strong>nec</strong></span> <span class='ocrx_word' id='word_1_61' title='bbox 1485 923 1809 1002; x_wconf 72' lang='lat' dir='ltr'><strong>tegularum</strong></span> <span class='ocrx_word' id='word_1_62' title='bbox 1839 922 2020 983; x_wconf 88' lang='lat' dir='ltr'><strong>modo</strong></span> <span class='ocrx_word' id='word_1_63' title='bbox 2050 925 2367 1001; x_wconf 71' lang='lat' dir='ltr'><strong>fragmenta</strong></span> <span class='ocrx_word' id='word_1_64' title='bbox 2416 938 2473 988; x_wconf 90' lang='lat'><strong>11</strong></span> 
     </span>
     <span class='ocr_line' id='line_1_9' title="bbox 249 1001 2370 1086; baseline 0.001 -21"><span class='ocrx_word' id='word_1_65' title='bbox 249 1003 353 1065; x_wconf 87' lang='lat' dir='ltr'><strong>sed</strong></span> <span class='ocrx_word' id='word_1_66' title='bbox 399 1003 572 1067; x_wconf 88' lang='lat' dir='ltr'><strong>etiam</strong></span> <span class='ocrx_word' id='word_1_67' title='bbox 617 1004 881 1067; x_wconf 87' lang='lat' dir='ltr'><strong>ambusta</strong></span> <span class='ocrx_word' id='word_1_68' title='bbox 921 1005 1078 1084; x_wconf 86' lang='lat' dir='ltr'><strong>tigna</strong></span> <span class='ocrx_word' id='word_1_69' title='bbox 1115 1005 1185 1068; x_wconf 88' lang='lat' dir='ltr'><strong>ad</strong></span> <span class='ocrx_word' id='word_1_70' title='bbox 1228 1017 1484 1069; x_wconf 89' lang='lat' dir='ltr'><strong>armatos</strong></span> <span class='ocrx_word' id='word_1_71' title='bbox 1524 1001 1849 1086; x_wconf 69' lang='lat' dir='ltr'><strong>pervenire,</strong></span> <span class='ocrx_word' id='word_1_72' title='bbox 1895 1017 1954 1068; x_wconf 87' lang='lat' dir='ltr'><strong>et</strong></span> <span class='ocrx_word' id='word_1_73' title='bbox 1988 1008 2221 1070; x_wconf 88' lang='lat' dir='ltr'><strong>flamma</strong></span> <span class='ocrx_word' id='word_1_74' title='bbox 2244 1008 2370 1068; x_wconf 38' lang='lat' dir='ltr'><strong>flate</strong></span> 
     </span>
     <span class='ocr_line' id='line_1_10' title="bbox 251 1089 2436 1173; baseline 0.003 -22"><span class='ocrx_word' id='word_1_75' title='bbox 251 1089 443 1161; x_wconf 80' lang='lat' dir='ltr'><strong>fundi,</strong></span> <span class='ocrx_word' id='word_1_76' title='bbox 494 1090 691 1153; x_wconf 80' lang='lat' dir='ltr'><strong>sumus</strong></span> <span class='ocrx_word' id='word_1_77' title='bbox 731 1096 1018 1151; x_wconf 90' lang='lat' dir='ltr'><strong>terrorem</strong></span> <span class='ocrx_word' id='word_1_78' title='bbox 1056 1090 1230 1153; x_wconf 89' lang='lat' dir='ltr'><strong>etiam</strong></span> <span class='ocrx_word' id='word_1_79' title='bbox 1270 1091 1553 1155; x_wconf 86' lang='lat' dir='ltr'><strong>maiorem</strong></span> <span class='ocrx_word' id='word_1_80' title='bbox 1594 1112 1768 1173; x_wconf 84' lang='lat' dir='ltr'><strong>quam</strong></span> <span class='ocrx_word' id='word_1_81' title='bbox 1806 1093 2126 1171; x_wconf 76' lang='lat' dir='ltr'><strong>periculum</strong></span> <span class='ocrx_word' id='word_1_82' title='bbox 2166 1094 2368 1154; x_wconf 81' lang='lat' dir='ltr'><strong>facere.</strong></span> <span class='ocrx_word' id='word_1_83' title='bbox 2432 1152 2436 1157; x_wconf 79' lang='grc'><strong>.</strong></span> 
     </span>
     <span class='ocr_line' id='line_1_11' title="bbox 248 1174 2477 1258; baseline 0.003 -22"><span class='ocrx_word' id='word_1_84' title='bbox 248 1175 443 1253; x_wconf 82' lang='lat' dir='ltr'><strong>itaque</strong></span> <span class='ocrx_word' id='word_1_85' title='bbox 471 1183 528 1236; x_wconf 88' lang='lat' dir='ltr'><strong>et</strong></span> <span class='ocrx_word' id='word_1_86' title='bbox 558 1174 848 1252; x_wconf 81' lang='lat' dir='ltr'><strong>quiextra</strong></span> <span class='ocrx_word' id='word_1_87' title='bbox 875 1174 1081 1239; x_wconf 83' lang='lat' dir='ltr'><strong>urbem</strong></span> <span class='ocrx_word' id='word_1_88' title='bbox 1112 1184 1281 1240; x_wconf 87' lang='lat' dir='ltr'><strong>erant</strong></span> <span class='ocrx_word' id='word_1_89' title='bbox 1300 1177 1727 1252; x_wconf 87' lang='lat' dir='ltr'><strong>Romanorum,</strong></span> <span class='ocrx_word' id='word_1_90' title='bbox 1755 1186 1884 1238; x_wconf 89' lang='lat' dir='ltr'><strong>tum</strong></span> <span class='ocrx_word' id='word_1_91' title='bbox 1907 1177 2159 1240; x_wconf 84' lang='lat' dir='ltr'><strong>maxime</strong></span> <span class='ocrx_word' id='word_1_92' title='bbox 2180 1177 2370 1258; x_wconf 80' lang='lat' dir='ltr'><strong>impe·</strong></span> <span class='ocrx_word' id='word_1_93' title='bbox 2415 1193 2477 1243; x_wconf 83' lang='lat'><strong>12</strong></span> 
     </span>
     <span class='ocr_line' id='line_1_12' title="bbox 251 1258 2370 1342; baseline 0.002 -22"><span class='ocrx_word' id='word_1_94' title='bbox 251 1271 375 1323; x_wconf 84' lang='lat' dir='ltr'><strong>tum</strong></span> <span class='ocrx_word' id='word_1_95' title='bbox 407 1258 700 1333; x_wconf 80' lang='lat' dir='ltr'><strong>facientes,</strong></span> <span class='ocrx_word' id='word_1_96' title='bbox 728 1278 1028 1322; x_wconf 80' lang='lat' dir='ltr'><strong>recessere</strong></span> <span class='ocrx_word' id='word_1_97' title='bbox 1048 1280 1079 1322; x_wconf 89' lang='lat' dir='ltr'><strong>a</strong></span> <span class='ocrx_word' id='word_1_98' title='bbox 1103 1280 1296 1334; x_wconf 82' lang='lat' dir='ltr'><strong>muro,</strong></span> <span class='ocrx_word' id='word_1_99' title='bbox 1327 1269 1386 1323; x_wconf 85' lang='lat' dir='ltr'><strong>et</strong></span> <span class='ocrx_word' id='word_1_100' title='bbox 1411 1264 1512 1342; x_wconf 88' lang='lat' dir='ltr'><strong>qui</strong></span> <span class='ocrx_word' id='word_1_101' title='bbox 1531 1263 1650 1324; x_wconf 91' lang='lat' dir='ltr'><strong>iam</strong></span> <span class='ocrx_word' id='word_1_102' title='bbox 1673 1264 2042 1337; x_wconf 85' lang='lat' dir='ltr'><strong>intraverant,</strong></span> <span class='ocrx_word' id='word_1_103' title='bbox 2073 1281 2148 1324; x_wconf 92' lang='grc'><strong>113</strong></span> <span class='ocrx_word' id='word_1_104' title='bbox 2169 1262 2370 1325; x_wconf 84' lang='lat' dir='ltr'><strong>incen-</strong></span> 
     </span>
     <span class='ocr_line' id='line_1_13' title="bbox 249 1345 2479 1427; baseline -0 -20"><span class='ocrx_word' id='word_1_105' title='bbox 249 1345 348 1407; x_wconf 88' lang='lat' dir='ltr'><strong>dio</strong></span> <span class='ocrx_word' id='word_1_106' title='bbox 379 1345 451 1406; x_wconf 92' lang='lat' dir='ltr'><strong>ab</strong></span> <span class='ocrx_word' id='word_1_107' title='bbox 481 1351 646 1424; x_wconf 86' lang='lat' dir='ltr'><strong>tergo</strong></span> <span class='ocrx_word' id='word_1_108' title='bbox 679 1345 903 1409; x_wconf 85' lang='lat' dir='ltr'><strong>oriente</strong></span> <span class='ocrx_word' id='word_1_109' title='bbox 929 1346 1452 1409; x_wconf 83' lang='lat' dir='ltr'><strong>intercluderentur</strong></span> <span class='ocrx_word' id='word_1_110' title='bbox 1479 1348 1550 1410; x_wconf 91' lang='lat' dir='ltr'><strong>ab</strong></span> <span class='ocrx_word' id='word_1_111' title='bbox 1582 1349 1733 1422; x_wconf 87' lang='lat' dir='ltr'><strong>suis,</strong></span> <span class='ocrx_word' id='word_1_112' title='bbox 1760 1357 2104 1427; x_wconf 87' lang='lat' dir='ltr'><strong>receperunt</strong></span> <span class='ocrx_word' id='word_1_113' title='bbox 2133 1368 2286 1424; x_wconf 79' lang='lat' dir='ltr'><strong>sese3</strong></span> <span class='ocrx_word' id='word_1_114' title='bbox 2315 1356 2372 1409; x_wconf 86' lang='lat' dir='ltr'><strong>et</strong></span> <span class='ocrx_word' id='word_1_115' title='bbox 2417 1358 2479 1408; x_wconf 87' lang='lat'><strong>13</strong></span> 
     </span>
     <span class='ocr_line' id='line_1_14' title="bbox 251 1430 2370 1513; baseline 0 -20"><span class='ocrx_word' id='word_1_116' title='bbox 251 1430 560 1504; x_wconf 73' lang='lat' dir='ltr'><strong>Quinctius</strong></span> <span class='ocrx_word' id='word_1_117' title='bbox 599 1438 918 1511; x_wconf 88' lang='lat' dir='ltr'><strong>postquam</strong></span> <span class='ocrx_word' id='word_1_118' title='bbox 955 1433 1094 1511; x_wconf 89' lang='lat' dir='ltr'><strong>quid</strong></span> <span class='ocrx_word' id='word_1_119' title='bbox 1131 1431 1215 1493; x_wconf 92' lang='lat' dir='ltr'><strong>rei</strong></span> <span class='ocrx_word' id='word_1_120' title='bbox 1256 1442 1412 1495; x_wconf 85' lang='lat' dir='ltr'><strong>esset</strong></span> <span class='ocrx_word' id='word_1_121' title='bbox 1442 1433 1607 1506; x_wconf 85' lang='lat' dir='ltr'><strong>vidit,</strong></span> <span class='ocrx_word' id='word_1_122' title='bbox 1647 1434 1904 1513; x_wconf 88' lang='lat' dir='ltr'><strong>receptui</strong></span> <span class='ocrx_word' id='word_1_123' title='bbox 1943 1453 2154 1495; x_wconf 89' lang='lat' dir='ltr'><strong>canere</strong></span> <span class='ocrx_word' id='word_1_124' title='bbox 2183 1435 2370 1496; x_wconf 87' lang='lat' dir='ltr'><strong>iussit.</strong></span> 
     </span>
     <span class='ocr_line' id='line_1_15' title="bbox 249 1516 1989 1596; baseline 0.002 -20"><span class='ocrx_word' id='word_1_125' title='bbox 249 1517 327 1577; x_wconf 87' lang='lat' dir='ltr'><strong>ita</strong></span> <span class='ocrx_word' id='word_1_126' title='bbox 355 1516 473 1579; x_wconf 88' lang='lat' dir='ltr'><strong>iam</strong></span> <span class='ocrx_word' id='word_1_127' title='bbox 504 1524 669 1595; x_wconf 86' lang='lat' dir='ltr'><strong>capta</strong></span> <span class='ocrx_word' id='word_1_128' title='bbox 698 1535 886 1596; x_wconf 83' lang='lat' dir='ltr'><strong>prope</strong></span> <span class='ocrx_word' id='word_1_129' title='bbox 913 1517 1059 1581; x_wconf 81' lang='lat' dir='ltr'><strong>urbe</strong></span> <span class='ocrx_word' id='word_1_130' title='bbox 1086 1519 1340 1579; x_wconf 91' lang='lat' dir='ltr'><strong>revocati</strong></span> <span class='ocrx_word' id='word_1_131' title='bbox 1369 1518 1428 1578; x_wconf 93' lang='lat' dir='ltr'><strong>in</strong></span> <span class='ocrx_word' id='word_1_132' title='bbox 1461 1528 1648 1581; x_wconf 88' lang='lat' dir='ltr'><strong>castra</strong></span> <span class='ocrx_word' id='word_1_133' title='bbox 1676 1521 1989 1581; x_wconf 78' lang='lat' dir='ltr'><strong>redierunt.</strong></span> 
     </span>
    </p>

    <p class='ocr_par' dir='ltr' id='par_1_4' title="bbox 251 1601 2480 2366">
     <span class='ocr_line' id='line_1_16' title="bbox 425 1601 2480 1683; baseline 0.002 -21"><span class='ocrx_word' id='word_1_134' title='bbox 425 1601 731 1674; x_wconf 80' lang='lat' dir='ltr'><strong>Quinctius</strong></span> <span class='ocrx_word' id='word_1_135' title='bbox 768 1602 900 1681; x_wconf 87' lang='lat' dir='ltr'><strong>plus</strong></span> <span class='ocrx_word' id='word_1_136' title='bbox 929 1622 1000 1663; x_wconf 83' lang='lat' dir='ltr'><strong>ex</strong></span> <span class='ocrx_word' id='word_1_137' title='bbox 1028 1602 1241 1664; x_wconf 86' lang='lat' dir='ltr'><strong>timore</strong></span> <span class='ocrx_word' id='word_1_138' title='bbox 1271 1604 1530 1665; x_wconf 86' lang='lat' dir='ltr'><strong>hostium</strong></span> <span class='ocrx_word' id='word_1_139' title='bbox 1561 1623 1737 1683; x_wconf 86' lang='lat' dir='ltr'><strong>quam</strong></span> <span class='ocrx_word' id='word_1_140' title='bbox 1765 1624 1834 1666; x_wconf 84' lang='lat' dir='ltr'><strong>ex</strong></span> <span class='ocrx_word' id='word_1_141' title='bbox 1863 1623 1926 1666; x_wconf 90' lang='lat' dir='ltr'><strong>re</strong></span> <span class='ocrx_word' id='word_1_142' title='bbox 1951 1604 2081 1683; x_wconf 88' lang='lat' dir='ltr'><strong>ipsa</strong></span> <span class='ocrx_word' id='word_1_143' title='bbox 2110 1604 2238 1682; x_wconf 82' lang='lat' dir='ltr'><strong>spei</strong></span> <span class='ocrx_word' id='word_1_144' title='bbox 2265 1621 2370 1664; x_wconf 82' lang='lat' dir='ltr'><strong>na·</strong></span> <span class='ocrx_word' id='word_1_145' title='bbox 2397 1608 2480 1667; x_wconf 86' lang='lat'><strong>40</strong></span> 
     </span>
     <span class='ocr_line' id='line_1_17' title="bbox 252 1686 2373 1769; baseline 0 -21"><span class='ocrx_word' id='word_1_146' title='bbox 252 1696 414 1758; x_wconf 79' lang='lat' dir='ltr'><strong>ctus,</strong></span> <span class='ocrx_word' id='word_1_147' title='bbox 460 1705 566 1766; x_wconf 86' lang='lat' dir='ltr'><strong>per</strong></span> <span class='ocrx_word' id='word_1_148' title='bbox 606 1686 866 1749; x_wconf 87' lang='lat' dir='ltr'><strong>triduum</strong></span> <span class='ocrx_word' id='word_1_149' title='bbox 904 1688 1222 1768; x_wconf 85' lang='lat' dir='ltr'><strong>insequens</strong></span> <span class='ocrx_word' id='word_1_150' title='bbox 1258 1690 1540 1753; x_wconf 80' lang='lat' dir='ltr'><strong>territavit</strong></span> <span class='ocrx_word' id='word_1_151' title='bbox 1575 1709 1678 1749; x_wconf 87' lang='lat' dir='ltr'><strong>eos</strong></span> <span class='ocrx_word' id='word_1_152' title='bbox 1719 1708 1877 1751; x_wconf 89' lang='lat' dir='ltr'><strong>nunc</strong></span> <span class='ocrx_word' id='word_1_153' title='bbox 1912 1688 2150 1769; x_wconf 90' lang='lat' dir='ltr'><strong>proeliis</strong></span> <span class='ocrx_word' id='word_1_154' title='bbox 2188 1689 2373 1750; x_wconf 90' lang='lat' dir='ltr'><strong>laces—</strong></span> 
     </span>
     <span class='ocr_line' id='line_1_18' title="bbox 252 1773 2372 1855; baseline 0.001 -22"><span class='ocrx_word' id='word_1_155' title='bbox 252 1773 473 1844; x_wconf 86' lang='lat' dir='ltr'><strong>sendo,</strong></span> <span class='ocrx_word' id='word_1_156' title='bbox 517 1790 676 1834; x_wconf 91' lang='lat' dir='ltr'><strong>nunc</strong></span> <span class='ocrx_word' id='word_1_157' title='bbox 705 1773 982 1853; x_wconf 87' lang='lat' dir='ltr'><strong>operibus</strong></span> <span class='ocrx_word' id='word_1_158' title='bbox 1013 1773 1485 1853; x_wconf 77' lang='lat' dir='ltr'><strong>intersaepiendo</strong></span> <span class='ocrx_word' id='word_1_159' title='bbox 1515 1775 1826 1855; x_wconf 86' lang='lat' dir='ltr'><strong>quaedam,</strong></span> <span class='ocrx_word' id='word_1_160' title='bbox 1858 1794 1932 1835; x_wconf 91' lang='lat' dir='ltr'><strong>ne</strong></span> <span class='ocrx_word' id='word_1_161' title='bbox 1960 1774 2146 1835; x_wconf 84' lang='lat' dir='ltr'><strong>exitus</strong></span> <span class='ocrx_word' id='word_1_162' title='bbox 2175 1774 2247 1835; x_wconf 88' lang='lat' dir='ltr'><strong>ad</strong></span> <span class='ocrx_word' id='word_1_163' title='bbox 2281 1775 2372 1835; x_wconf 84' lang='lat' dir='ltr'><strong>sn-</strong></span> 
     </span>
     <span class='ocr_line' id='line_1_19' title="bbox 251 1858 2447 1940; baseline 0 -21"><span class='ocrx_word' id='word_1_164' title='bbox 251 1876 386 1937; x_wconf 80' lang='lat' dir='ltr'><strong>gam</strong></span> <span class='ocrx_word' id='word_1_165' title='bbox 426 1864 598 1921; x_wconf 87' lang='lat' dir='ltr'><strong>esset.</strong></span> <span class='ocrx_word' id='word_1_166' title='bbox 658 1858 752 1921; x_wconf 89' lang='lat' dir='ltr'><strong>his</strong></span> <span class='ocrx_word' id='word_1_167' title='bbox 792 1858 1346 1923; x_wconf 82' lang='lat' dir='ltr'><strong>comminationibus</strong></span> <span class='ocrx_word' id='word_1_168' title='bbox 1390 1859 1732 1938; x_wconf 88' lang='lat' dir='ltr'><strong>compulsus</strong></span> <span class='ocrx_word' id='word_1_169' title='bbox 1770 1868 2049 1940; x_wconf 80' lang='lat' dir='ltr'><strong>tyrannus</strong></span> <span class='ocrx_word' id='word_1_170' title='bbox 2080 1860 2373 1939; x_wconf 81' lang='lat' dir='ltr'><strong>Pythago·</strong></span> <span class='ocrx_word' id='word_1_171' title='bbox 2415 1868 2447 1919; x_wconf 85' lang='lat'><strong>2</strong></span> 
     </span>
     <span class='ocr_line' id='line_1_20' title="bbox 252 1944 2374 2025; baseline 0 -21"><span class='ocrx_word' id='word_1_172' title='bbox 252 1962 378 2009; x_wconf 78' lang='lat' dir='ltr'><strong>ram</strong></span> <span class='ocrx_word' id='word_1_173' title='bbox 420 1960 630 2004; x_wconf 85' lang='lat' dir='ltr'><strong>rursus</strong></span> <span class='ocrx_word' id='word_1_174' title='bbox 669 1951 959 2005; x_wconf 88' lang='lat' dir='ltr'><strong>oratorem</strong></span> <span class='ocrx_word' id='word_1_175' title='bbox 997 1944 1186 2017; x_wconf 79' lang='lat' dir='ltr'><strong>misit3</strong></span> <span class='ocrx_word' id='word_1_176' title='bbox 1230 1963 1403 2024; x_wconf 88' lang='lat' dir='ltr'><strong>quem</strong></span> <span class='ocrx_word' id='word_1_177' title='bbox 1447 1945 1753 2018; x_wconf 87' lang='lat' dir='ltr'><strong>Quinctius</strong></span> <span class='ocrx_word' id='word_1_178' title='bbox 1793 1945 1986 2025; x_wconf 89' lang='lat' dir='ltr'><strong>primo</strong></span> <span class='ocrx_word' id='word_1_179' title='bbox 2027 1953 2374 2025; x_wconf 86' lang='lat' dir='ltr'><strong>aspernatus</strong></span> 
     </span>
     <span class='ocr_line' id='line_1_21' title="bbox 253 2028 2377 2110; baseline -0 -19"><span class='ocrx_word' id='word_1_180' title='bbox 253 2028 533 2093; x_wconf 83' lang='lat' dir='ltr'><strong>excedere</strong></span> <span class='ocrx_word' id='word_1_181' title='bbox 577 2029 784 2092; x_wconf 85' lang='lat' dir='ltr'><strong>castris</strong></span> <span class='ocrx_word' id='word_1_182' title='bbox 825 2028 1022 2102; x_wconf 87' lang='lat' dir='ltr'><strong>iussit,</strong></span> <span class='ocrx_word' id='word_1_183' title='bbox 1069 2030 1200 2091; x_wconf 92' lang='lat' dir='ltr'><strong>dein</strong></span> <span class='ocrx_word' id='word_1_184' title='bbox 1242 2030 1581 2110; x_wconf 84' lang='lat' dir='ltr'><strong>suppliciter</strong></span> <span class='ocrx_word' id='word_1_185' title='bbox 1622 2041 1886 2092; x_wconf 81' lang='lat' dir='ltr'><strong>orantem</strong></span> <span class='ocrx_word' id='word_1_186' title='bbox 1928 2031 2377 2109; x_wconf 82' lang='lat' dir='ltr'><strong>advolutumque</strong></span> 
     </span>
     <span class='ocr_line' id='line_1_22' title="bbox 256 2114 2449 2195; baseline 0.001 -20"><span class='ocrx_word' id='word_1_187' title='bbox 256 2114 502 2195; x_wconf 83' lang='lat' dir='ltr'><strong>genibus</strong></span> <span class='ocrx_word' id='word_1_188' title='bbox 549 2114 786 2177; x_wconf 87' lang='lat' dir='ltr'><strong>tandem</strong></span> <span class='ocrx_word' id='word_1_189' title='bbox 837 2114 1070 2177; x_wconf 88' lang='lat' dir='ltr'><strong>audivit.</strong></span> <span class='ocrx_word' id='word_1_190' title='bbox 1139 2116 1328 2195; x_wconf 88' lang='lat' dir='ltr'><strong>prima</strong></span> <span class='ocrx_word' id='word_1_191' title='bbox 1373 2115 1559 2177; x_wconf 87' lang='lat' dir='ltr'><strong>oratio</strong></span> <span class='ocrx_word' id='word_1_192' title='bbox 1599 2117 1709 2177; x_wconf 80' lang='lat' dir='ltr'><strong>fuit</strong></span> <span class='ocrx_word' id='word_1_193' title='bbox 1747 2116 1944 2179; x_wconf 90' lang='lat' dir='ltr'><strong>omnia</strong></span> <span class='ocrx_word' id='word_1_194' title='bbox 1981 2115 2374 2194; x_wconf 84' lang='lat' dir='ltr'><strong>permittentis</strong></span> <span class='ocrx_word' id='word_1_195' title='bbox 2420 2128 2449 2178; x_wconf 89' lang='grc'><strong>3</strong></span> 
     </span>
     <span class='ocr_line' id='line_1_23' title="bbox 258 2199 2450 2275; baseline 0.001 -14"><span class='ocrx_word' id='word_1_196' title='bbox 258 2199 495 2261; x_wconf 87' lang='lat' dir='ltr'><strong>arbitrio</strong></span> <span class='ocrx_word' id='word_1_197' title='bbox 519 2200 952 2275; x_wconf 76' lang='lat' dir='ltr'><strong>Romanorum3</strong></span> <span class='ocrx_word' id='word_1_198' title='bbox 985 2202 1118 2262; x_wconf 90' lang='lat' dir='ltr'><strong>dein</strong></span> <span class='ocrx_word' id='word_1_199' title='bbox 1147 2220 1278 2262; x_wconf 89' lang='lat' dir='ltr'><strong>cum</strong></span> <span class='ocrx_word' id='word_1_200' title='bbox 1312 2221 1378 2262; x_wconf 92' lang='lat' dir='ltr'><strong>ea</strong></span> <span class='ocrx_word' id='word_1_201' title='bbox 1406 2203 1560 2263; x_wconf 86' lang='lat' dir='ltr'><strong>velut</strong></span> <span class='ocrx_word' id='word_1_202' title='bbox 1588 2220 1732 2262; x_wconf 86' lang='lat' dir='ltr'><strong>vana</strong></span> <span class='ocrx_word' id='word_1_203' title='bbox 1763 2210 1821 2263; x_wconf 87' lang='lat' dir='ltr'><strong>et</strong></span> <span class='ocrx_word' id='word_1_204' title='bbox 1849 2203 1973 2263; x_wconf 91' lang='lat' dir='ltr'><strong>sine</strong></span> <span class='ocrx_word' id='word_1_205' title='bbox 2002 2203 2208 2263; x_wconf 85' lang='lat' dir='ltr'><strong>effectu</strong></span> <span class='ocrx_word' id='word_1_206' title='bbox 2237 2201 2376 2261; x_wconf 82' lang='lat' dir='ltr'><strong>nihil</strong></span> <span class='ocrx_word' id='word_1_207' title='bbox 2418 2216 2450 2264; x_wconf 88' lang='grc'>4</span> 
     </span>
     <span class='ocr_line' id='line_1_24' title="bbox 257 2286 2378 2366; baseline -0.001 -18"><span class='ocrx_word' id='word_1_208' title='bbox 257 2287 632 2366; x_wconf 86' lang='lat' dir='ltr'><strong>proficerent,</strong></span> <span class='ocrx_word' id='word_1_209' title='bbox 675 2304 745 2346; x_wconf 92' lang='lat' dir='ltr'><strong>eo</strong></span> <span class='ocrx_word' id='word_1_210' title='bbox 791 2286 1033 2347; x_wconf 86' lang='lat' dir='ltr'><strong>deducta</strong></span> <span class='ocrx_word' id='word_1_211' title='bbox 1077 2295 1168 2348; x_wconf 87' lang='lat' dir='ltr'><strong>est</strong></span> <span class='ocrx_word' id='word_1_212' title='bbox 1209 2306 1333 2359; x_wconf 81' lang='grc'><strong>138,</strong></span> <span class='ocrx_word' id='word_1_213' title='bbox 1379 2294 1446 2347; x_wconf 83' lang='grc'><strong>111</strong></span> <span class='ocrx_word' id='word_1_214' title='bbox 1488 2288 1558 2347; x_wconf 85' lang='grc'><strong>118</strong></span> <span class='ocrx_word' id='word_1_215' title='bbox 1603 2286 2077 2361; x_wconf 81' lang='grc'><strong>33311131011111118,</strong></span> <span class='ocrx_word' id='word_1_216' title='bbox 2125 2305 2272 2366; x_wconf 87' lang='lat' dir='ltr'><strong>quae</strong></span> <span class='ocrx_word' id='word_1_217' title='bbox 2310 2306 2378 2347; x_wconf 81' lang='lat' dir='ltr'><strong>ex</strong></span> 
     </span>
    </p>
   </div>
   <div class='ocr_carea' id='block_1_3' title="bbox 255 2370 2377 2536">
    <p class='ocr_par' dir='ltr' id='par_1_5' title="bbox 255 2370 2377 2536">
     <span class='ocr_line' id='line_1_25' title="bbox 255 2370 2377 2451; baseline 0 -20"><span class='ocrx_word' id='word_1_218' title='bbox 255 2370 479 2451; x_wconf 87' lang='lat' dir='ltr'><strong>scripto</strong></span> <span class='ocrx_word' id='word_1_219' title='bbox 510 2370 709 2450; x_wconf 88' lang='lat' dir='ltr'><strong>paucis</strong></span> <span class='ocrx_word' id='word_1_220' title='bbox 742 2378 873 2431; x_wconf 88' lang='lat' dir='ltr'><strong>ante</strong></span> <span class='ocrx_word' id='word_1_221' title='bbox 904 2370 1107 2432; x_wconf 89' lang='lat' dir='ltr'><strong>diebus</strong></span> <span class='ocrx_word' id='word_1_222' title='bbox 1139 2372 1322 2433; x_wconf 85' lang='lat' dir='ltr'><strong>editae</strong></span> <span class='ocrx_word' id='word_1_223' title='bbox 1349 2379 1531 2445; x_wconf 84' lang='lat' dir='ltr'><strong>erant,</strong></span> <span class='ocrx_word' id='word_1_224' title='bbox 1560 2371 1815 2433; x_wconf 86' lang='lat' dir='ltr'><strong>indutiae</strong></span> <span class='ocrx_word' id='word_1_225' title='bbox 1839 2374 2071 2448; x_wconf 70' lang='lat' dir='ltr'><strong>fierent,</strong></span> <span class='ocrx_word' id='word_1_226' title='bbox 2100 2372 2377 2451; x_wconf 88' lang='lat' dir='ltr'><strong>pecunia·</strong></span> 
     </span>
     <span class='ocr_line' id='line_1_26' title="bbox 258 2455 987 2536; baseline -0.001 -19"><span class='ocrx_word' id='word_1_227' title='bbox 258 2476 371 2536; x_wconf 88' lang='lat' dir='ltr'><strong>que</strong></span> <span class='ocrx_word' id='word_1_228' title='bbox 401 2464 458 2519; x_wconf 88' lang='lat' dir='ltr'><strong>et</strong></span> <span class='ocrx_word' id='word_1_229' title='bbox 487 2455 720 2518; x_wconf 87' lang='lat' dir='ltr'><strong>obsides</strong></span> <span class='ocrx_word' id='word_1_230' title='bbox 751 2456 987 2536; x_wconf 84' lang='lat' dir='ltr'><strong>accepti.</strong></span> 
     </span>
    </p>
   </div>
   <div class='ocr_carea' id='block_1_4' title="bbox 259 2622 1349 2707">
    <p class='ocr_par' dir='ltr' id='par_1_6' title="bbox 259 2622 1349 2707">
     <span class='ocr_line' id='line_1_27' title="bbox 259 2622 1349 2707; baseline -0.003 -16"><span class='ocrx_word' id='word_1_231' title='bbox 259 2639 445 2703; x_wconf 83' lang='grc'><strong>8311181,</strong></span> <span class='ocrx_word' id='word_1_232' title='bbox 492 2652 535 2687; x_wconf 83' lang='grc'><strong>8.</strong></span> <span class='ocrx_word' id='word_1_233' title='bbox 560 2637 738 2705; x_wconf 80' lang='lat' dir='ltr'><strong>Polyb.</strong></span> <span class='ocrx_word' id='word_1_234' title='bbox 773 2638 948 2702; x_wconf 82' lang='lat'>5,-22:</span> <span class='ocrx_word' id='word_1_235' title='bbox 996 2634 1267 2707; x_wconf 83' lang='grc' dir='ltr'><strong><em>Σπάρτης</em></strong></span> <span class='ocrx_word' id='word_1_236' title='bbox 1346 2622 1349 2625; x_wconf 43' lang='grc'>’</span> 
     </span>
    </p>
   </div>
   <div class='ocr_carea' id='block_1_5' title="bbox 257 2700 1281 4067">
    <p class='ocr_par' dir='ltr' id='par_1_7' title="bbox 257 2700 1272 3660">
     <span class='ocr_line' id='line_1_28' title="bbox 258 2700 1267 2779; baseline 0.001 -22"><span class='ocrx_word' id='word_1_237' title='bbox 258 2736 328 2746; x_wconf 83' lang='lat'><strong>—·</strong></span> <span class='ocrx_word' id='word_1_238' title='bbox 373 2700 512 2757; x_wconf 81' lang='grc' dir='ltr'><em>κατὰ</em></span> <span class='ocrx_word' id='word_1_239' title='bbox 556 2706 728 2775; x_wconf 77' lang='grc' dir='ltr'><strong><em>μέρος</em></strong></span> <span class='ocrx_word' id='word_1_240' title='bbox 783 2702 1152 2779; x_wconf 83' lang='grc' dir='ltr'><strong><em>περιεχούσης</em></strong></span> <span class='ocrx_word' id='word_1_241' title='bbox 1206 2705 1267 2759; x_wconf 70' lang='grc' dir='ltr'><strong>ἓν</strong></span> 
     </span>
     <span class='ocr_line' id='line_1_29' title="bbox 259 2769 1266 2846; baseline -0.003 -19"><span class='ocrx_word' id='word_1_242' title='bbox 259 2771 403 2845; x_wconf 77' lang='grc' dir='ltr'><strong>αὐτῇ</strong></span> <span class='ocrx_word' id='word_1_243' title='bbox 449 2769 762 2845; x_wconf 79' lang='grc' dir='ltr'><strong><em>διαφόρους</em></strong></span> <span class='ocrx_word' id='word_1_244' title='bbox 806 2769 1135 2846; x_wconf 75' lang='grc' dir='ltr'><strong><em>ἀνωμάλους</em></strong></span> <span class='ocrx_word' id='word_1_245' title='bbox 1173 2774 1266 2825; x_wconf 79' lang='grc' dir='ltr'><strong>καὶ</strong></span> 
     </span>
     <span class='ocr_line' id='line_1_30' title="bbox 257 2837 1262 2910; baseline 0 -16"><span class='ocrx_word' id='word_1_246' title='bbox 257 2837 561 2909; x_wconf 77' lang='grc' dir='ltr'><strong><em>βουνώδεις</em></strong></span> <span class='ocrx_word' id='word_1_247' title='bbox 632 2837 858 2900; x_wconf 85' lang='grc' dir='ltr'><strong><em>τόπους.</em></strong></span> <span class='ocrx_word' id='word_1_248' title='bbox 915 2872 984 2882; x_wconf 90' lang='lat'><strong>-—-</strong></span> <span class='ocrx_word' id='word_1_249' title='bbox 1039 2844 1262 2910; x_wconf 74' lang='lat' dir='ltr'><strong>Pythag.</strong></span> 
     </span>
     <span class='ocr_line' id='line_1_31' title="bbox 260 2910 1265 2977; baseline -0.001 -15"><span class='ocrx_word' id='word_1_250' title='bbox 260 2916 387 2963; x_wconf 83' lang='lat' dir='ltr'><strong>ohne</strong></span> <span class='ocrx_word' id='word_1_251' title='bbox 437 2910 980 2977; x_wconf 81' lang='lat' dir='ltr'><strong>Adversativpartikel,</strong></span> <span class='ocrx_word' id='word_1_252' title='bbox 1038 2913 1265 2976; x_wconf 75' lang='lat' dir='ltr'><strong>obgleieh</strong></span> 
     </span>
     <span class='ocr_line' id='line_1_32' title="bbox 261 2979 1262 3046; baseline -0.001 -16"><span class='ocrx_word' id='word_1_253' title='bbox 261 2979 465 3046; x_wconf 72' lang='lat' dir='ltr'><strong>quidem</strong></span> <span class='ocrx_word' id='word_1_254' title='bbox 504 2981 825 3043; x_wconf 81' lang='lat' dir='ltr'><strong>vorhergebt.</strong></span> <span class='ocrx_word' id='word_1_255' title='bbox 861 3007 931 3018; x_wconf 87' lang='lat'><em>-·—-</em></span> <span class='ocrx_word' id='word_1_256' title='bbox 968 2981 1039 3032; x_wconf 82' lang='lat' dir='ltr'><strong>ad</strong></span> <span class='ocrx_word' id='word_1_257' title='bbox 1076 2986 1262 3044; x_wconf 77' lang='lat' dir='ltr'><strong>cetera,</strong></span> 
     </span>
     <span class='ocr_line' id='line_1_33' title="bbox 263 3046 1267 3112; baseline -0.002 -14"><span class='ocrx_word' id='word_1_258' title='bbox 263 3064 304 3098; x_wconf 86' lang='grc'><strong>8.</strong></span> <span class='ocrx_word' id='word_1_259' title='bbox 334 3064 378 3097; x_wconf 83' lang='grc'><strong>3.</strong></span> <span class='ocrx_word' id='word_1_260' title='bbox 404 3046 491 3112; x_wconf 91' lang='grc'><strong>36,</strong></span> <span class='ocrx_word' id='word_1_261' title='bbox 518 3048 577 3097; x_wconf 82' lang='lat'><strong>4:</strong></span> <span class='ocrx_word' id='word_1_262' title='bbox 636 3049 685 3097; x_wconf 91' lang='grc'><strong>13</strong></span> <span class='ocrx_word' id='word_1_263' title='bbox 727 3048 1010 3111; x_wconf 76' lang='lat' dir='ltr'><strong>Beziehung</strong></span> <span class='ocrx_word' id='word_1_264' title='bbox 1055 3048 1147 3098; x_wconf 84' lang='lat' dir='ltr'><strong>auf</strong></span> <span class='ocrx_word' id='word_1_265' title='bbox 1187 3048 1267 3096; x_wconf 87' lang='grc'><strong>1113</strong></span> 
     </span>
     <span class='ocr_line' id='line_1_34' title="bbox 261 3114 1268 3179; baseline -0.002 -13"><span class='ocrx_word' id='word_1_266' title='bbox 261 3117 472 3179; x_wconf 82' lang='lat' dir='ltr'><strong>iibrigen</strong></span> <span class='ocrx_word' id='word_1_267' title='bbox 505 3114 884 3176; x_wconf 80' lang='lat' dir='ltr'><strong>Verhiiltnisse3</strong></span> <span class='ocrx_word' id='word_1_268' title='bbox 922 3117 988 3166; x_wconf 88' lang='lat' dir='ltr'><strong>im</strong></span> <span class='ocrx_word' id='word_1_269' title='bbox 1019 3114 1268 3179; x_wconf 81' lang='lat' dir='ltr'><strong>Uebrigen</strong></span> 
     </span>
     <span class='ocr_line' id='line_1_35' title="bbox 264 3182 1269 3247; baseline 0 -14"><span class='ocrx_word' id='word_1_270' title='bbox 264 3184 445 3246; x_wconf 84' lang='lat' dir='ltr'><strong>sehon,</strong></span> <span class='ocrx_word' id='word_1_271' title='bbox 494 3184 560 3233; x_wconf 86' lang='lat' dir='ltr'><strong>im</strong></span> <span class='ocrx_word' id='word_1_272' title='bbox 603 3182 922 3247; x_wconf 79' lang='lat' dir='ltr'><strong>Gegensatze</strong></span> <span class='ocrx_word' id='word_1_273' title='bbox 962 3201 1027 3234; x_wconf 90' lang='lat' dir='ltr'><strong>zu</strong></span> <span class='ocrx_word' id='word_1_274' title='bbox 1068 3186 1177 3234; x_wconf 88' lang='lat' dir='ltr'><strong>dem</strong></span> <span class='ocrx_word' id='word_1_275' title='bbox 1217 3186 1269 3234; x_wconf 88' lang='lat' dir='ltr'><strong>in</strong></span> 
     </span>
     <span class='ocr_line' id='line_1_36' title="bbox 263 3251 1270 3303; baseline 0 -1"><span class='ocrx_word' id='word_1_276' title='bbox 263 3257 387 3302; x_wconf 81' lang='lat' dir='ltr'><strong>tunc</strong></span> <span class='ocrx_word' id='word_1_277' title='bbox 442 3267 561 3302; x_wconf 79' lang='lat' dir='ltr'><strong>vero</strong></span> <span class='ocrx_word' id='word_1_278' title='bbox 617 3251 972 3303; x_wconf 79' lang='lat' dir='ltr'><strong>bezeichneten</strong></span> <span class='ocrx_word' id='word_1_279' title='bbox 1020 3252 1270 3303; x_wconf 72' lang='lat' dir='ltr'><strong>momente</strong></span> 
     </span>
     <span class='ocr_line' id='line_1_37' title="bbox 264 3318 1272 3386; baseline 0.001 -16"><span class='ocrx_word' id='word_1_280' title='bbox 264 3322 359 3371; x_wconf 88' lang='lat' dir='ltr'><strong>der</strong></span> <span class='ocrx_word' id='word_1_281' title='bbox 384 3318 587 3369; x_wconf 80' lang='lat' dir='ltr'><strong>Gefabr.</strong></span> <span class='ocrx_word' id='word_1_282' title='bbox 613 3346 681 3355; x_wconf 93' lang='lat'>—</span> <span class='ocrx_word' id='word_1_283' title='bbox 697 3320 985 3386; x_wconf 72' lang='lat' dir='ltr'><strong>sung-ebat.</strong></span> <span class='ocrx_word' id='word_1_284' title='bbox 1000 3358 1013 3383; x_wconf 92' lang='lat'>,</span> <span class='ocrx_word' id='word_1_285' title='bbox 1049 3321 1272 3385; x_wconf 77' lang='lat' dir='ltr'><strong>Zeugma</strong></span> 
     </span>
     <span class='ocr_line' id='line_1_38' title="bbox 264 3385 1270 3455; baseline 0.001 -16"><span class='ocrx_word' id='word_1_286' title='bbox 264 3389 317 3455; x_wconf 85' lang='grc'><strong>13</strong></span> <span class='ocrx_word' id='word_1_287' title='bbox 353 3387 521 3452; x_wconf 78' lang='lat' dir='ltr'><strong>Bezug</strong></span> <span class='ocrx_word' id='word_1_288' title='bbox 552 3385 642 3437; x_wconf 81' lang='lat' dir='ltr'><strong>auf</strong></span> <span class='ocrx_word' id='word_1_289' title='bbox 670 3391 855 3440; x_wconf 76' lang='lat' dir='ltr'><strong>anirno.</strong></span> <span class='ocrx_word' id='word_1_290' title='bbox 888 3418 957 3428; x_wconf 91' lang='lat'><strong>—-</strong></span> <span class='ocrx_word' id='word_1_291' title='bbox 989 3394 1109 3441; x_wconf 73' lang='lat' dir='ltr'><strong>tunc</strong></span> <span class='ocrx_word' id='word_1_292' title='bbox 1131 3406 1270 3453; x_wconf 77' lang='lat' dir='ltr'><strong>vere,</strong></span> 
     </span>
     <span class='ocr_line' id='line_1_39' title="bbox 266 3454 1272 3521; baseline 0.002 -15"><span class='ocrx_word' id='word_1_293' title='bbox 266 3455 371 3519; x_wconf 82' lang='lat' dir='ltr'><strong>vgl.</strong></span> <span class='ocrx_word' id='word_1_294' title='bbox 397 3456 478 3517; x_wconf 87' lang='grc'><strong>25,</strong></span> <span class='ocrx_word' id='word_1_295' title='bbox 505 3454 552 3517; x_wconf 87' lang='lat'><strong>8,</strong></span> <span class='ocrx_word' id='word_1_296' title='bbox 578 3456 637 3516; x_wconf 83' lang='lat'><strong>93</strong></span> <span class='ocrx_word' id='word_1_297' title='bbox 672 3454 721 3515; x_wconf 90' lang='lat'><strong>4,</strong></span> <span class='ocrx_word' id='word_1_298' title='bbox 749 3457 830 3516; x_wconf 89' lang='lat'><strong>55,</strong></span> <span class='ocrx_word' id='word_1_299' title='bbox 857 3457 916 3518; x_wconf 82' lang='lat'><strong>23</strong></span> <span class='ocrx_word' id='word_1_300' title='bbox 959 3459 1272 3521; x_wconf 75' lang='lat' dir='ltr'><strong>gewiibnlich</strong></span> 
     </span>
     <span class='ocr_line' id='line_1_40' title="bbox 266 3525 1271 3589; baseline -0.001 -13"><span class='ocrx_word' id='word_1_301' title='bbox 266 3530 381 3576; x_wconf 83' lang='lat' dir='ltr'><strong>tum</strong></span> <span class='ocrx_word' id='word_1_302' title='bbox 402 3538 541 3573; x_wconf 76' lang='lat' dir='ltr'><strong>vero.</strong></span> <span class='ocrx_word' id='word_1_303' title='bbox 566 3550 635 3560; x_wconf 84' lang='grc'>-</span> <span class='ocrx_word' id='word_1_304' title='bbox 659 3537 817 3574; x_wconf 75' lang='lat' dir='ltr'><strong>causa</strong></span> <span class='ocrx_word' id='word_1_305' title='bbox 845 3526 942 3575; x_wconf 87' lang='lat' dir='ltr'><strong>wie</strong></span> <span class='ocrx_word' id='word_1_306' title='bbox 967 3525 1050 3588; x_wconf 88' lang='grc'><strong>31,</strong></span> <span class='ocrx_word' id='word_1_307' title='bbox 1084 3527 1161 3589; x_wconf 92' lang='grc'><strong>11,</strong></span> <span class='ocrx_word' id='word_1_308' title='bbox 1193 3526 1271 3588; x_wconf 89' lang='grc'><strong>10,</strong></span> 
     </span>
     <span class='ocr_line' id='line_1_41' title="bbox 267 3590 1271 3660; baseline -0.002 -15"><span class='ocrx_word' id='word_1_309' title='bbox 267 3593 370 3656; x_wconf 80' lang='lat' dir='ltr'><strong>vgl.</strong></span> <span class='ocrx_word' id='word_1_310' title='bbox 406 3590 490 3653; x_wconf 83' lang='lat'>34,</span> <span class='ocrx_word' id='word_1_311' title='bbox 515 3591 596 3651; x_wconf 88' lang='lat'>56,</span> <span class='ocrx_word' id='word_1_312' title='bbox 624 3590 682 3652; x_wconf 77' lang='lat'><strong>93</strong></span> <span class='ocrx_word' id='word_1_313' title='bbox 712 3591 777 3641; x_wconf 90' lang='lat' dir='ltr'><strong>ib.</strong></span> <span class='ocrx_word' id='word_1_314' title='bbox 805 3592 885 3651; x_wconf 85' lang='lat'>41,</span> <span class='ocrx_word' id='word_1_315' title='bbox 914 3592 975 3654; x_wconf 83' lang='lat'><strong>33</strong></span> <span class='ocrx_word' id='word_1_316' title='bbox 1002 3593 1271 3660; x_wconf 83' lang='lat'>24,16,13.</span> 
     </span>
    </p>

    <p class='ocr_par' dir='ltr' id='par_1_8' title="bbox 264 3657 1281 4067">
     <span class='ocr_line' id='line_1_42' title="bbox 342 3657 1273 3722; baseline 0.001 -12"><span class='ocrx_word' id='word_1_317' title='bbox 342 3657 556 3710; x_wconf 88' lang='lat'>10—13.</span> <span class='ocrx_word' id='word_1_318' title='bbox 600 3663 661 3709; x_wconf 80' lang='lat' dir='ltr'><strong>ut</strong></span> <span class='ocrx_word' id='word_1_319' title='bbox 680 3659 956 3722; x_wconf 68' lang='lat' dir='ltr'><strong>adiuvant„</strong></span> <span class='ocrx_word' id='word_1_320' title='bbox 982 3663 1077 3710; x_wconf 88' lang='lat' dir='ltr'><strong>wie</strong></span> <span class='ocrx_word' id='word_1_321' title='bbox 1103 3677 1158 3711; x_wconf 89' lang='lat' dir='ltr'><strong>es</strong></span> <span class='ocrx_word' id='word_1_322' title='bbox 1184 3677 1273 3711; x_wconf 82' lang='lat' dir='ltr'><strong>na-</strong></span> 
     </span>
     <span class='ocr_line' id='line_1_43' title="bbox 267 3728 1273 3794; baseline -0.004 -13"><span class='ocrx_word' id='word_1_323' title='bbox 267 3729 453 3781; x_wconf 79' lang='lat' dir='ltr'><strong>tiirlich</strong></span> <span class='ocrx_word' id='word_1_324' title='bbox 478 3742 601 3790; x_wconf 79' lang='lat' dir='ltr'><strong>war,</strong></span> <span class='ocrx_word' id='word_1_325' title='bbox 627 3729 689 3779; x_wconf 90' lang='lat' dir='ltr'><strong>da</strong></span> <span class='ocrx_word' id='word_1_326' title='bbox 712 3744 762 3778; x_wconf 89' lang='lat' dir='ltr'><strong>u.</strong></span> <span class='ocrx_word' id='word_1_327' title='bbox 790 3743 832 3778; x_wconf 86' lang='lat' dir='ltr'><strong>s.</strong></span> <span class='ocrx_word' id='word_1_328' title='bbox 857 3743 941 3790; x_wconf 86' lang='lat' dir='ltr'>w.,</span> <span class='ocrx_word' id='word_1_329' title='bbox 976 3728 1057 3790; x_wconf 85' lang='lat'>22,</span> <span class='ocrx_word' id='word_1_330' title='bbox 1086 3728 1167 3789; x_wconf 84' lang='lat'>28,</span> <span class='ocrx_word' id='word_1_331' title='bbox 1196 3728 1273 3794; x_wconf 90' lang='lat'>11,</span> 
     </span>
     <span class='ocr_line' id='line_1_44' title="bbox 264 3798 1281 3864; baseline 0 -18"><span class='ocrx_word' id='word_1_332' title='bbox 264 3798 446 3861; x_wconf 74' lang='lat' dir='ltr'><strong>gehort</strong></span> <span class='ocrx_word' id='word_1_333' title='bbox 477 3813 542 3847; x_wconf 88' lang='lat' dir='ltr'><strong>zu</strong></span> <span class='ocrx_word' id='word_1_334' title='bbox 572 3812 727 3848; x_wconf 87' lang='lat' dir='ltr'><strong>mom.</strong></span> <span class='ocrx_word' id='word_1_335' title='bbox 762 3800 918 3864; x_wconf 84' lang='lat' dir='ltr'><strong>temp.</strong></span> <span class='ocrx_word' id='word_1_336' title='bbox 942 3812 1049 3847; x_wconf 75' lang='lat' dir='ltr'><strong>ars.</strong></span> <span class='ocrx_word' id='word_1_337' title='bbox 1084 3824 1152 3833; x_wconf 90' lang='lat'><strong>-·</strong></span> <span class='ocrx_word' id='word_1_338' title='bbox 1193 3800 1281 3860; x_wconf 82' lang='lat' dir='ltr'><strong>qui</strong></span> 
     </span>
     <span class='ocr_line' id='line_1_45' title="bbox 265 3864 1275 3927; baseline -0.001 -11"><span class='ocrx_word' id='word_1_339' title='bbox 265 3865 355 3927; x_wconf 67' lang='lat' dir='ltr'><strong>al„</strong></span> <span class='ocrx_word' id='word_1_340' title='bbox 384 3865 464 3915; x_wconf 89' lang='lat' dir='ltr'><strong>die</strong></span> <span class='ocrx_word' id='word_1_341' title='bbox 491 3866 768 3915; x_wconf 87' lang='lat' dir='ltr'><strong>Bewohner</strong></span> <span class='ocrx_word' id='word_1_342' title='bbox 790 3865 882 3914; x_wconf 83' lang='lat' dir='ltr'><strong>der</strong></span> <span class='ocrx_word' id='word_1_343' title='bbox 903 3864 1066 3914; x_wconf 75' lang='lat' dir='ltr'><strong>stadt.</strong></span> <span class='ocrx_word' id='word_1_344' title='bbox 1091 3891 1160 3901; x_wconf 88' lang='lat'><strong>·—</strong></span> <span class='ocrx_word' id='word_1_345' title='bbox 1181 3879 1275 3915; x_wconf 80' lang='lat' dir='ltr'><strong>ru-</strong></span> 
     </span>
     <span class='ocr_line' id='line_1_46' title="bbox 267 3930 1278 3998; baseline -0.003 -14"><span class='ocrx_word' id='word_1_346' title='bbox 267 3948 359 3984; x_wconf 80' lang='lat' dir='ltr'><strong>ere</strong></span> <span class='ocrx_word' id='word_1_347' title='bbox 390 3934 455 3982; x_wconf 86' lang='lat' dir='ltr'><strong>im</strong></span> <span class='ocrx_word' id='word_1_348' title='bbox 484 3932 795 3997; x_wconf 76' lang='lat' dir='ltr'><strong>Nachsatze,</strong></span> <span class='ocrx_word' id='word_1_349' title='bbox 842 3948 885 3983; x_wconf 87' lang='grc'><strong>8.</strong></span> <span class='ocrx_word' id='word_1_350' title='bbox 926 3933 971 3995; x_wconf 91' lang='grc'><strong>1,</strong></span> <span class='ocrx_word' id='word_1_351' title='bbox 1007 3931 1098 3998; x_wconf 87' lang='grc'><strong>54,</strong></span> <span class='ocrx_word' id='word_1_352' title='bbox 1130 3930 1176 3981; x_wconf 88' lang='grc'><strong>1.</strong></span> <span class='ocrx_word' id='word_1_353' title='bbox 1206 3957 1278 3970; x_wconf 89' lang='grc'><strong>-</strong></span> 
     </span>
     <span class='ocr_line' id='line_1_47' title="bbox 269 3998 1275 4067; baseline -0.003 -14"><span class='ocrx_word' id='word_1_354' title='bbox 269 4006 385 4053; x_wconf 76' lang='lat' dir='ltr'><strong>tum</strong></span> <span class='ocrx_word' id='word_1_355' title='bbox 406 4015 566 4067; x_wconf 60' lang='lat' dir='ltr'><strong>max„</strong></span> <span class='ocrx_word' id='word_1_356' title='bbox 590 3999 673 4061; x_wconf 84' lang='lat'>31,</span> <span class='ocrx_word' id='word_1_357' title='bbox 708 3999 789 4064; x_wconf 90' lang='lat'>18,</span> <span class='ocrx_word' id='word_1_358' title='bbox 815 4001 877 4063; x_wconf 84' lang='lat'><strong>23</strong></span> <span class='ocrx_word' id='word_1_359' title='bbox 903 3999 985 4063; x_wconf 83' lang='lat'>33,</span> <span class='ocrx_word' id='word_1_360' title='bbox 1012 3999 1060 4064; x_wconf 82' lang='lat'>3,</span> <span class='ocrx_word' id='word_1_361' title='bbox 1091 3998 1181 4063; x_wconf 80' lang='lat'><strong>123</strong></span> <span class='ocrx_word' id='word_1_362' title='bbox 1207 3999 1275 4050; x_wconf 84' lang='lat' dir='ltr'><strong>ib.</strong></span> 
     </span>
    </p>
   </div>
   <div class='ocr_carea' id='block_1_6' title="bbox 1371 2638 2429 3593">
    <p class='ocr_par' dir='ltr' id='par_1_9' title="bbox 1371 2638 2429 3593">
     <span class='ocr_line' id='line_1_48' title="bbox 1373 2638 2376 2708; baseline 0.001 -20"><span class='ocrx_word' id='word_1_363' title='bbox 1373 2638 1419 2705; x_wconf 85' lang='lat'>9,</span> <span class='ocrx_word' id='word_1_364' title='bbox 1446 2639 1504 2702; x_wconf 80' lang='lat'><strong>23</strong></span> <span class='ocrx_word' id='word_1_365' title='bbox 1530 2640 1562 2690; x_wconf 87' lang='lat'><strong>3</strong></span> <span class='ocrx_word' id='word_1_366' title='bbox 1587 2659 1635 2692; x_wconf 87' lang='lat' dir='ltr'><strong>u.</strong></span> <span class='ocrx_word' id='word_1_367' title='bbox 1661 2657 1708 2692; x_wconf 87' lang='lat' dir='ltr'><strong>a.</strong></span> <span class='ocrx_word' id='word_1_368' title='bbox 1732 2669 1801 2680; x_wconf 91' lang='lat'><strong>—-</strong></span> <span class='ocrx_word' id='word_1_369' title='bbox 1830 2643 1935 2691; x_wconf 75' lang='lat' dir='ltr'><strong>iam</strong></span> <span class='ocrx_word' id='word_1_370' title='bbox 1968 2645 2144 2708; x_wconf 85' lang='lat' dir='ltr'><strong>capta,</strong></span> <span class='ocrx_word' id='word_1_371' title='bbox 2186 2641 2262 2690; x_wconf 84' lang='lat' dir='ltr'><strong>als</strong></span> <span class='ocrx_word' id='word_1_372' title='bbox 2289 2641 2376 2690; x_wconf 88' lang='lat' dir='ltr'><strong>be·—</strong></span> 
     </span>
     <span class='ocr_line' id='line_1_49' title="bbox 1372 2708 2380 2773; baseline 0.001 -16"><span class='ocrx_word' id='word_1_373' title='bbox 1372 2708 1503 2758; x_wconf 84' lang='lat' dir='ltr'><strong>reits</strong></span> <span class='ocrx_word' id='word_1_374' title='bbox 1527 2725 1576 2760; x_wconf 90' lang='lat' dir='ltr'><strong>u.</strong></span> <span class='ocrx_word' id='word_1_375' title='bbox 1598 2726 1640 2760; x_wconf 87' lang='lat' dir='ltr'><strong>s.</strong></span> <span class='ocrx_word' id='word_1_376' title='bbox 1660 2726 1745 2773; x_wconf 89' lang='lat' dir='ltr'>w.,</span> <span class='ocrx_word' id='word_1_377' title='bbox 1770 2711 1832 2759; x_wconf 81' lang='lat' dir='ltr'><strong>da</strong></span> <span class='ocrx_word' id='word_1_378' title='bbox 1858 2709 1931 2758; x_wconf 90' lang='grc'><strong>813</strong></span> <span class='ocrx_word' id='word_1_379' title='bbox 1956 2709 2186 2758; x_wconf 81' lang='lat' dir='ltr'><strong>wirklich</strong></span> <span class='ocrx_word' id='word_1_380' title='bbox 2212 2709 2261 2757; x_wconf 89' lang='lat' dir='ltr'><strong>in</strong></span> <span class='ocrx_word' id='word_1_381' title='bbox 2286 2709 2380 2758; x_wconf 90' lang='lat' dir='ltr'><strong>der</strong></span> 
     </span>
     <span class='ocr_line' id='line_1_50' title="bbox 1373 2775 2378 2828; baseline -0.002 -2"><span class='ocrx_word' id='word_1_382' title='bbox 1373 2776 1523 2827; x_wconf 77' lang='lat' dir='ltr'><strong>stadt</strong></span> <span class='ocrx_word' id='word_1_383' title='bbox 1542 2793 1716 2828; x_wconf 83' lang='lat' dir='ltr'><strong>waren</strong></span> <span class='ocrx_word' id='word_1_384' title='bbox 1741 2778 1838 2827; x_wconf 87' lang='grc'><strong>3311</strong></span> <span class='ocrx_word' id='word_1_385' title='bbox 1867 2777 1943 2826; x_wconf 88' lang='grc'><strong>813</strong></span> <span class='ocrx_word' id='word_1_386' title='bbox 1965 2775 2067 2825; x_wconf 83' lang='lat' dir='ltr'><strong>fast</strong></span> <span class='ocrx_word' id='word_1_387' title='bbox 2089 2777 2239 2825; x_wconf 83' lang='lat' dir='ltr'><strong>sehon</strong></span> <span class='ocrx_word' id='word_1_388' title='bbox 2265 2775 2378 2824; x_wconf 83' lang='lat' dir='ltr'><strong>inne</strong></span> 
     </span>
     <span class='ocr_line' id='line_1_51' title="bbox 1371 2843 2381 2910; baseline -0.001 -17"><span class='ocrx_word' id='word_1_389' title='bbox 1371 2846 1560 2906; x_wconf 79' lang='lat' dir='ltr'><strong>hatten,</strong></span> <span class='ocrx_word' id='word_1_390' title='bbox 1584 2860 1690 2895; x_wconf 85' lang='lat' dir='ltr'><strong>was</strong></span> <span class='ocrx_word' id='word_1_391' title='bbox 1709 2845 1863 2894; x_wconf 84' lang='lat' dir='ltr'><strong>durch</strong></span> <span class='ocrx_word' id='word_1_392' title='bbox 1883 2844 1962 2893; x_wconf 85' lang='lat' dir='ltr'><strong>die</strong></span> <span class='ocrx_word' id='word_1_393' title='bbox 1982 2843 2164 2893; x_wconf 84' lang='lat' dir='ltr'><strong>Lesart</strong></span> <span class='ocrx_word' id='word_1_394' title='bbox 2181 2859 2214 2892; x_wconf 85' lang='lat' dir='ltr'><strong>a</strong></span> <span class='ocrx_word' id='word_1_395' title='bbox 2231 2848 2381 2910; x_wconf 83' lang='lat' dir='ltr'><strong>capta</strong></span> 
     </span>
     <span class='ocr_line' id='line_1_52' title="bbox 1372 2910 2380 2974; baseline -0.002 -13"><span class='ocrx_word' id='word_1_396' title='bbox 1372 2912 1422 2961; x_wconf 91' lang='grc'><strong>13</strong></span> <span class='ocrx_word' id='word_1_397' title='bbox 1449 2913 1541 2961; x_wconf 83' lang='grc'><strong>1131·</strong></span> <span class='ocrx_word' id='word_1_398' title='bbox 1564 2916 1687 2962; x_wconf 79' lang='lat' dir='ltr'><strong>auch</strong></span> <span class='ocrx_word' id='word_1_399' title='bbox 1716 2912 1797 2961; x_wconf 84' lang='lat' dir='ltr'><strong>die</strong></span> <span class='ocrx_word' id='word_1_400' title='bbox 1823 2910 2201 2974; x_wconf 81' lang='lat' dir='ltr'><strong>Wortstellung</strong></span> <span class='ocrx_word' id='word_1_401' title='bbox 2222 2911 2380 2959; x_wconf 85' lang='lat' dir='ltr'><strong>weni-</strong></span> 
     </span>
     <span class='ocr_line' id='line_1_53' title="bbox 1374 2978 2379 3044; baseline -0.001 -16"><span class='ocrx_word' id='word_1_402' title='bbox 1374 2994 1467 3042; x_wconf 83' lang='lat' dir='ltr'><strong>ger</strong></span> <span class='ocrx_word' id='word_1_403' title='bbox 1501 2981 1715 3044; x_wconf 82' lang='lat' dir='ltr'><strong>passend</strong></span> <span class='ocrx_word' id='word_1_404' title='bbox 1747 2981 1835 3044; x_wconf 85' lang='lat' dir='ltr'><strong>ist,</strong></span> <span class='ocrx_word' id='word_1_405' title='bbox 1866 2980 2001 3029; x_wconf 82' lang='lat' dir='ltr'><strong>nicht</strong></span> <span class='ocrx_word' id='word_1_406' title='bbox 2024 2994 2081 3028; x_wconf 91' lang='lat' dir='ltr'><strong>so</strong></span> <span class='ocrx_word' id='word_1_407' title='bbox 2106 2993 2266 3042; x_wconf 82' lang='lat' dir='ltr'><strong>genau</strong></span> <span class='ocrx_word' id='word_1_408' title='bbox 2291 2978 2379 3027; x_wconf 87' lang='lat' dir='ltr'><strong>be-</strong></span> 
     </span>
     <span class='ocr_line' id='line_1_54' title="bbox 1373 3044 2331 3110; baseline -0.001 -13"><span class='ocrx_word' id='word_1_409' title='bbox 1373 3048 1604 3098; x_wconf 82' lang='grc'><strong>331311331</strong></span> <span class='ocrx_word' id='word_1_410' title='bbox 1627 3048 1792 3110; x_wconf 78' lang='lat' dir='ltr'><strong>wiir03</strong></span> <span class='ocrx_word' id='word_1_411' title='bbox 1819 3062 1862 3097; x_wconf 90' lang='lat' dir='ltr'><strong>c.</strong></span> <span class='ocrx_word' id='word_1_412' title='bbox 1885 3046 1969 3110; x_wconf 87' lang='grc'><strong>23,</strong></span> <span class='ocrx_word' id='word_1_413' title='bbox 1997 3044 2051 3097; x_wconf 77' lang='lat'><strong>6:</strong></span> <span class='ocrx_word' id='word_1_414' title='bbox 2074 3047 2331 3097; x_wconf 77' lang='lat' dir='ltr'><strong>inclinata.</strong></span> 
     </span>
     <span class='ocr_line' id='line_1_55' title="bbox 1446 3106 2395 3183; baseline 0 -18"><span class='ocrx_word' id='word_1_415' title='bbox 1446 3106 1553 3165; x_wconf 83' lang='grc'><strong>40.</strong></span> <span class='ocrx_word' id='word_1_416' title='bbox 1594 3116 1739 3166; x_wconf 82' lang='grc'><strong>1-4,</strong></span> <span class='ocrx_word' id='word_1_417' title='bbox 1789 3133 1859 3166; x_wconf 73' lang='lat' dir='ltr'><strong>ew</strong></span> <span class='ocrx_word' id='word_1_418' title='bbox 1889 3131 1950 3166; x_wconf 83' lang='lat' dir='ltr'><strong>re</strong></span> <span class='ocrx_word' id='word_1_419' title='bbox 1980 3118 2120 3183; x_wconf 74' lang='lat' dir='ltr'><strong>ipsa,</strong></span> <span class='ocrx_word' id='word_1_420' title='bbox 2153 3117 2271 3166; x_wconf 86' lang='lat' dir='ltr'><strong>dass</strong></span> <span class='ocrx_word' id='word_1_421' title='bbox 2306 3116 2395 3165; x_wconf 56' lang='lat' dir='ltr'><strong>siea</strong></span> 
     </span>
     <span class='ocr_line' id='line_1_56' title="bbox 1376 3184 2384 3248; baseline 0.002 -15"><span class='ocrx_word' id='word_1_422' title='bbox 1376 3200 1434 3234; x_wconf 87' lang='lat' dir='ltr'><strong>so</strong></span> <span class='ocrx_word' id='word_1_423' title='bbox 1485 3184 1608 3233; x_wconf 88' lang='lat' dir='ltr'><strong>weit</strong></span> <span class='ocrx_word' id='word_1_424' title='bbox 1653 3186 2033 3248; x_wconf 81' lang='lat' dir='ltr'><strong>vorgedrungen</strong></span> <span class='ocrx_word' id='word_1_425' title='bbox 2081 3199 2269 3235; x_wconf 86' lang='lat' dir='ltr'><strong>waren.</strong></span> <span class='ocrx_word' id='word_1_426' title='bbox 2314 3212 2384 3222; x_wconf 91' lang='lat'><strong>-—</strong></span> 
     </span>
     <span class='ocr_line' id='line_1_57' title="bbox 1372 3252 2385 3321; baseline 0.001 -20"><span class='ocrx_word' id='word_1_427' title='bbox 1372 3255 1672 3321; x_wconf 64' lang='lat' dir='ltr'><strong>intera-nep„</strong></span> <span class='ocrx_word' id='word_1_428' title='bbox 1721 3269 1761 3303; x_wconf 85' lang='lat' dir='ltr'><strong>s.</strong></span> <span class='ocrx_word' id='word_1_429' title='bbox 1789 3252 1871 3318; x_wconf 88' lang='lat'><strong>31,</strong></span> <span class='ocrx_word' id='word_1_430' title='bbox 1898 3252 1979 3312; x_wconf 88' lang='grc'><strong>46,</strong></span> <span class='ocrx_word' id='word_1_431' title='bbox 2007 3253 2065 3314; x_wconf 82' lang='grc'><strong>9;</strong></span> <span class='ocrx_word' id='word_1_432' title='bbox 2093 3253 2140 3316; x_wconf 88' lang='grc'><strong>6,</strong></span> <span class='ocrx_word' id='word_1_433' title='bbox 2166 3253 2213 3315; x_wconf 91' lang='grc'><strong>9,</strong></span> <span class='ocrx_word' id='word_1_434' title='bbox 2241 3254 2289 3302; x_wconf 85' lang='lat'><strong>7.</strong></span> <span class='ocrx_word' id='word_1_435' title='bbox 2314 3279 2385 3291; x_wconf 80' lang='lat'><strong>—-</strong></span> 
     </span>
     <span class='ocr_line' id='line_1_58' title="bbox 1375 3320 2429 3388; baseline 0.001 -17"><span class='ocrx_word' id='word_1_436' title='bbox 1375 3321 1542 3372; x_wconf 76' lang='lat' dir='ltr'><strong>advol.</strong></span> <span class='ocrx_word' id='word_1_437' title='bbox 1579 3338 1730 3387; x_wconf 63' lang='lat' dir='ltr'><strong>gen„</strong></span> <span class='ocrx_word' id='word_1_438' title='bbox 1778 3337 1819 3371; x_wconf 89' lang='grc'><strong>8.</strong></span> <span class='ocrx_word' id='word_1_439' title='bbox 1861 3321 1908 3382; x_wconf 91' lang='grc'><strong>8,</strong></span> <span class='ocrx_word' id='word_1_440' title='bbox 1937 3320 1984 3382; x_wconf 83' lang='grc'><strong>2,</strong></span> <span class='ocrx_word' id='word_1_441' title='bbox 2011 3322 2060 3371; x_wconf 91' lang='grc'><strong>9.</strong></span> <span class='ocrx_word' id='word_1_442' title='bbox 2103 3349 2173 3358; x_wconf 88' lang='lat'><strong>——</strong></span> <span class='ocrx_word' id='word_1_443' title='bbox 2214 3324 2384 3388; x_wconf 59' lang='lat' dir='ltr'><strong>prima</strong></span> <span class='ocrx_word' id='word_1_444' title='bbox 2404 3335 2429 3342; x_wconf 76' lang='lat'><strong><em>‘</em></strong></span> 
     </span>
     <span class='ocr_line' id='line_1_59' title="bbox 1378 3388 2384 3456; baseline -0.001 -16"><span class='ocrx_word' id='word_1_445' title='bbox 1378 3391 1472 3440; x_wconf 81' lang='lat' dir='ltr'><strong>der</strong></span> <span class='ocrx_word' id='word_1_446' title='bbox 1495 3390 1720 3453; x_wconf 82' lang='lat' dir='ltr'><strong>Eingang</strong></span> <span class='ocrx_word' id='word_1_447' title='bbox 1752 3391 1842 3439; x_wconf 86' lang='lat' dir='ltr'><strong>der</strong></span> <span class='ocrx_word' id='word_1_448' title='bbox 1875 3388 2023 3441; x_wconf 86' lang='lat' dir='ltr'><strong>Rede.</strong></span> <span class='ocrx_word' id='word_1_449' title='bbox 2063 3416 2131 3425; x_wconf 89' lang='lat'>—</span> <span class='ocrx_word' id='word_1_450' title='bbox 2168 3392 2384 3456; x_wconf 78' lang='lat' dir='ltr'><strong>permit-</strong></span> 
     </span>
     <span class='ocr_line' id='line_1_60' title="bbox 1374 3456 2386 3524; baseline 0 -16"><span class='ocrx_word' id='word_1_451' title='bbox 1374 3461 1555 3524; x_wconf 75' lang='lat' dir='ltr'><strong>tentis,</strong></span> <span class='ocrx_word' id='word_1_452' title='bbox 1591 3473 1631 3507; x_wconf 87' lang='grc'><strong>8.</strong></span> <span class='ocrx_word' id='word_1_453' title='bbox 1656 3457 1737 3520; x_wconf 88' lang='grc'><strong>26,</strong></span> <span class='ocrx_word' id='word_1_454' title='bbox 1765 3457 1846 3520; x_wconf 86' lang='grc'><strong>27,</strong></span> <span class='ocrx_word' id='word_1_455' title='bbox 1878 3456 1956 3505; x_wconf 93' lang='grc'><strong>16.</strong></span> <span class='ocrx_word' id='word_1_456' title='bbox 1982 3482 2051 3493; x_wconf 93' lang='lat'><strong>·—</strong></span> <span class='ocrx_word' id='word_1_457' title='bbox 2074 3456 2189 3506; x_wconf 81' lang='lat' dir='ltr'><strong>dein</strong></span> <span class='ocrx_word' id='word_1_458' title='bbox 2213 3458 2261 3507; x_wconf 89' lang='lat' dir='ltr'><strong>in</strong></span> <span class='ocrx_word' id='word_1_459' title='bbox 2289 3458 2386 3508; x_wconf 84' lang='lat' dir='ltr'><strong>Be-</strong></span> 
     </span>
     <span class='ocr_line' id='line_1_61' title="bbox 1380 3523 2387 3593; baseline 0 -18"><span class='ocrx_word' id='word_1_460' title='bbox 1380 3541 1479 3590; x_wconf 83' lang='lat' dir='ltr'><strong>zug</strong></span> <span class='ocrx_word' id='word_1_461' title='bbox 1500 3525 1591 3575; x_wconf 86' lang='lat' dir='ltr'><strong>auf</strong></span> <span class='ocrx_word' id='word_1_462' title='bbox 1603 3529 1790 3593; x_wconf 80' lang='lat' dir='ltr'><strong>prima.</strong></span> <span class='ocrx_word' id='word_1_463' title='bbox 1815 3552 1884 3560; x_wconf 93' lang='lat'>—</span> <span class='ocrx_word' id='word_1_464' title='bbox 1907 3540 1982 3586; x_wconf 78' lang='lat' dir='ltr'><strong>ea,</strong></span> <span class='ocrx_word' id='word_1_465' title='bbox 2008 3525 2100 3574; x_wconf 89' lang='lat' dir='ltr'><strong>der</strong></span> <span class='ocrx_word' id='word_1_466' title='bbox 2114 3523 2278 3577; x_wconf 80' lang='lat' dir='ltr'><strong>Inhalt</strong></span> <span class='ocrx_word' id='word_1_467' title='bbox 2294 3527 2387 3576; x_wconf 85' lang='lat' dir='ltr'><strong>der</strong></span> 
     </span>
    </p>
   </div>
   <div class='ocr_carea' id='block_1_7' title="bbox 1320 3593 2385 3658">
    <p class='ocr_par' dir='ltr' id='par_1_10' title="bbox 1320 3593 2385 3658">
     <span class='ocr_line' id='line_1_62' title="bbox 1320 3593 2385 3658; baseline 0 -16"><span class='ocrx_word' id='word_1_468' title='bbox 1320 3648 1324 3654; x_wconf 45' lang='grc'><strong>,</strong></span> <span class='ocrx_word' id='word_1_469' title='bbox 1380 3593 1539 3657; x_wconf 88' lang='lat' dir='ltr'><strong>Rede,</strong></span> <span class='ocrx_word' id='word_1_470' title='bbox 1579 3594 1682 3658; x_wconf 87' lang='lat' dir='ltr'><strong>das,</strong></span> <span class='ocrx_word' id='word_1_471' title='bbox 1706 3607 1811 3641; x_wconf 86' lang='lat' dir='ltr'><strong>was</strong></span> <span class='ocrx_word' id='word_1_472' title='bbox 1836 3606 1946 3641; x_wconf 90' lang='lat' dir='ltr'><strong>man</strong></span> <span class='ocrx_word' id='word_1_473' title='bbox 1972 3600 2132 3658; x_wconf 83' lang='lat' dir='ltr'><strong>sagte,</strong></span> <span class='ocrx_word' id='word_1_474' title='bbox 2158 3594 2227 3644; x_wconf 85' lang='lat' dir='ltr'><strong>ist</strong></span> <span class='ocrx_word' id='word_1_475' title='bbox 2252 3595 2385 3643; x_wconf 84' lang='lat' dir='ltr'><strong>nieht</strong></span> 
     </span>
    </p>
   </div>
   <div class='ocr_carea' id='block_1_8' title="bbox 1380 3659 2390 4066">
    <p class='ocr_par' dir='ltr' id='par_1_11' title="bbox 1380 3659 2390 4066">
     <span class='ocr_line' id='line_1_63' title="bbox 1380 3659 2383 3725; baseline -0.002 -15"><span class='ocrx_word' id='word_1_476' title='bbox 1380 3660 1473 3710; x_wconf 80' lang='lat' dir='ltr'><strong>auf</strong></span> <span class='ocrx_word' id='word_1_477' title='bbox 1510 3664 1674 3711; x_wconf 77' lang='lat' dir='ltr'><strong>oratio</strong></span> <span class='ocrx_word' id='word_1_478' title='bbox 1713 3659 1960 3722; x_wconf 78' lang='lat' dir='ltr'><strong>bezogen,</strong></span> <span class='ocrx_word' id='word_1_479' title='bbox 2004 3663 2104 3725; x_wconf 78' lang='lat' dir='ltr'><strong>vgl.</strong></span> <span class='ocrx_word' id='word_1_480' title='bbox 2142 3677 2184 3711; x_wconf 88' lang='lat' dir='ltr'><strong>c.</strong></span> <span class='ocrx_word' id='word_1_481' title='bbox 2220 3661 2301 3724; x_wconf 88' lang='lat'><strong>58,</strong></span> <span class='ocrx_word' id='word_1_482' title='bbox 2329 3661 2383 3709; x_wconf 88' lang='lat'><strong>5:</strong></span> 
     </span>
     <span class='ocr_line' id='line_1_64' title="bbox 1382 3727 2385 3795; baseline -0.003 -16"><span class='ocrx_word' id='word_1_483' title='bbox 1382 3744 1538 3795; x_wconf 72' lang='lat' dir='ltr'><strong>quae5</strong></span> <span class='ocrx_word' id='word_1_484' title='bbox 1587 3727 1669 3789; x_wconf 91' lang='lat'><strong>31,</strong></span> <span class='ocrx_word' id='word_1_485' title='bbox 1697 3728 1744 3788; x_wconf 86' lang='lat'>7,</span> <span class='ocrx_word' id='word_1_486' title='bbox 1774 3727 1861 3789; x_wconf 80' lang='lat'><strong>123</strong></span> <span class='ocrx_word' id='word_1_487' title='bbox 1911 3729 1978 3778; x_wconf 89' lang='lat' dir='ltr'><strong>ib.</strong></span> <span class='ocrx_word' id='word_1_488' title='bbox 2006 3729 2054 3792; x_wconf 89' lang='lat'>8,</span> <span class='ocrx_word' id='word_1_489' title='bbox 2081 3730 2129 3780; x_wconf 84' lang='lat'><strong>9.</strong></span> <span class='ocrx_word' id='word_1_490' title='bbox 2162 3756 2232 3766; x_wconf 90' lang='lat'><strong>-—</strong></span> <span class='ocrx_word' id='word_1_491' title='bbox 2275 3730 2385 3777; x_wconf 77' lang='lat' dir='ltr'><strong>sine</strong></span> 
     </span>
     <span class='ocr_line' id='line_1_65' title="bbox 1383 3792 2385 3863; baseline -0.003 -18"><span class='ocrx_word' id='word_1_492' title='bbox 1383 3798 1500 3861; x_wconf 81' lang='lat' dir='ltr'><strong>effi,</strong></span> <span class='ocrx_word' id='word_1_493' title='bbox 1536 3796 1743 3846; x_wconf 84' lang='lat' dir='ltr'><strong>vertritt</strong></span> <span class='ocrx_word' id='word_1_494' title='bbox 1775 3796 1854 3846; x_wconf 88' lang='lat' dir='ltr'><strong>ein</strong></span> <span class='ocrx_word' id='word_1_495' title='bbox 1880 3798 2136 3863; x_wconf 81' lang='lat' dir='ltr'><strong>Adjectiv,</strong></span> <span class='ocrx_word' id='word_1_496' title='bbox 2178 3796 2279 3844; x_wconf 81' lang='lat' dir='ltr'><strong>wie</strong></span> <span class='ocrx_word' id='word_1_497' title='bbox 2311 3792 2385 3843; x_wconf 83' lang='lat' dir='ltr'><strong>oft</strong></span> 
     </span>
     <span class='ocr_line' id='line_1_66' title="bbox 1380 3861 2387 3916; baseline -0.001 -4"><span class='ocrx_word' id='word_1_498' title='bbox 1380 3865 1495 3912; x_wconf 77' lang='lat' dir='ltr'><strong>sine</strong></span> <span class='ocrx_word' id='word_1_499' title='bbox 1524 3864 1615 3913; x_wconf 85' lang='lat' dir='ltr'><strong>mit</strong></span> <span class='ocrx_word' id='word_1_500' title='bbox 1648 3865 1758 3914; x_wconf 84' lang='lat' dir='ltr'><strong>dem</strong></span> <span class='ocrx_word' id='word_1_501' title='bbox 1783 3865 1953 3916; x_wconf 84' lang='grc'><strong>8111181.</strong></span> <span class='ocrx_word' id='word_1_502' title='bbox 1985 3866 2084 3915; x_wconf 87' lang='lat' dir='ltr'><strong>und</strong></span> <span class='ocrx_word' id='word_1_503' title='bbox 2117 3865 2186 3913; x_wconf 88' lang='lat' dir='ltr'><strong>ist</strong></span> <span class='ocrx_word' id='word_1_504' title='bbox 2217 3861 2387 3913; x_wconf 86' lang='lat' dir='ltr'><strong>condi-</strong></span> 
     </span>
     <span class='ocr_line' id='line_1_67' title="bbox 1380 3930 2390 3996; baseline 0.001 -16"><span class='ocrx_word' id='word_1_505' title='bbox 1380 3931 1542 3981; x_wconf 83' lang='lat' dir='ltr'><strong>tional</strong></span> <span class='ocrx_word' id='word_1_506' title='bbox 1564 3948 1629 3982; x_wconf 86' lang='lat' dir='ltr'><strong>zu</strong></span> <span class='ocrx_word' id='word_1_507' title='bbox 1652 3933 1858 3983; x_wconf 86' lang='grc'><strong>33113133</strong></span> <span class='ocrx_word' id='word_1_508' title='bbox 1880 3956 1951 3976; x_wconf 69' lang='lat' dir='ltr'><strong>=ae</strong></span> <span class='ocrx_word' id='word_1_509' title='bbox 2112 3930 2390 3996; x_wconf 77' lang='lat' dir='ltr'><strong>-sutnra</strong></span> 
     </span>
     <span class='ocr_line' id='line_1_68' title="bbox 1384 3997 2384 4066; baseline -0.003 -15"><span class='ocrx_word' id='word_1_510' title='bbox 1384 4003 1538 4051; x_wconf 70' lang='lat' dir='ltr'><strong>esset.</strong></span> <span class='ocrx_word' id='word_1_511' title='bbox 1562 4027 1633 4039; x_wconf 91' lang='lat'><strong>-—</strong></span> <span class='ocrx_word' id='word_1_512' title='bbox 1655 4017 1715 4054; x_wconf 84' lang='grc'><strong>33</strong></span> <span class='ocrx_word' id='word_1_513' title='bbox 1737 4001 1869 4064; x_wconf 68' lang='lat' dir='ltr'><strong>ded„</strong></span> <span class='ocrx_word' id='word_1_514' title='bbox 1894 4001 1943 4064; x_wconf 87' lang='lat'>4,</span> <span class='ocrx_word' id='word_1_515' title='bbox 1969 4001 2015 4066; x_wconf 89' lang='grc'><strong>6,</strong></span> <span class='ocrx_word' id='word_1_516' title='bbox 2041 3998 2098 4062; x_wconf 84' lang='grc'><strong>8;</strong></span> <span class='ocrx_word' id='word_1_517' title='bbox 2125 3997 2207 4064; x_wconf 88' lang='grc'><strong>25,</strong></span> <span class='ocrx_word' id='word_1_518' title='bbox 2234 3998 2280 4059; x_wconf 89' lang='grc'><strong>8,</strong></span> <span class='ocrx_word' id='word_1_519' title='bbox 2308 3998 2384 4048; x_wconf 87' lang='grc'><strong>11.</strong></span> 
     </span>
    </p>
   </div>
  </div>
 </body>
</html>
