2861 4550
1152 335 1345 389 LIBER
1379 334 1622 390 xxxnl.
1675 335 1818 389 CAP.
1843 336 1926 389 28.
2371 360 2415 388 a.
2435 360 2479 388 u.
2502 348 2608 390 558.

482 337 605 401 220

481 491 816 553 contionem
848 509 1222 571 progressum,
1255 507 1449 553 errare
1477 490 1555 552 ait
1579 490 1869 566 homines,
1898 491 1997 571 qui
2024 497 2146 552 tam
2175 494 2432 551 atrocem
2466 503 2608 549 cae-

406 592 435 641 8
479 579 611 638 dem
642 577 935 657 pertinere
963 578 1033 637 ad
1060 577 1191 637 ilios
1215 577 1523 638 semiviros
1550 578 1869 650 crederent,
1901 578 2201 655 multaque
2223 574 2284 636 in
2308 592 2436 635 eam
2459 592 2607 653 par-

477 670 596 722 tem
626 663 1002 743 probabiliter
1031 670 1490 741 argumentatuS,
1525 664 1734 741 quibus
1765 663 1939 724 fidem
1972 670 2113 741 aput
2145 660 2435 740 quosdam
2465 660 2611 721 fecit

478 766 821 827 numquam,
854 748 902 817 si
933 748 1042 808 sibi
1074 750 1345 810 conscius
1378 754 1559 822 esset,
1588 748 1913 809 oblaturum
1947 767 2011 808 se
2040 745 2398 808 multitudini
2428 764 2608 806 men-

405 847 435 896 9
480 834 770 896 tionemve
808 834 932 894 eius
973 833 1165 895 caedis
1202 829 1721 896 nullo'laoessente
1759 834 2046 895 facturum
2086 833 2314 894 fuisse..
2343 831 2436 892 alii
2471 849 2605 893 non

479 920 742 980 dubitare
788 918 1141 999 inpudenter
1188 917 1416 979 obviam
1462 918 1690 980 crimini
1728 919 1922 980 eundo
1963 917 2357 997 suspicionem
2399 919 2602 977 averti.

477 1005 616 1066 torti
655 1012 794 1084 post
831 1004 1006 1083 paulo
1045 1003 1339 1076 insonteS,
1390 1023 1524 1065 cum
1579 1004 1798 1066 scirent
1835 1003 1953 1084 ipsi
1989 1003 2165 1077 nihil,
2208 1002 2489 1081 opinione
2529 1020 2603 1061 o-

475 1089 701 1151 mnium
749 1108 858 1168 pro
890 1088 1103 1150 indicio
1134 1090 1227 1149 usi
1254 1087 1617 1169 Zeuxippum
1650 1097 1709 1149 et
1736 1089 2107 1152 Pisistratum
2144 1088 2607 1150 nominaverunt

375 1191 436 1241 10
479 1175 638 1235 nullo
677 1175 930 1247 adiecto,
972 1193 1076 1235 cur
1104 1175 1253 1238 scire
1284 1175 1593 1255 quicquam
1624 1174 1982 1248 viderentur,
2024 1181 2388 1253 argumento.
2448 1173 2604 1233 Zeu-

477 1260 691 1339 xippus
725 1269 921 1322 tamen
953 1278 1087 1320 cum
1120 1260 1452 1321 Stratonida
1483 1260 1738 1338 quodam
1769 1268 1940 1321 nocte
1969 1258 2224 1338 perfugit-
2254 1259 2602 1337 Tanagram,

479 1363 643 1408 suam
690 1346 875 1423 magis
925 1346 1338 1408 conscientiam
1376 1364 1555 1425 quam
1592 1344 1871 1408 indicium
1911 1346 2221 1405 hominum
2264 1343 2476 1405 nullius
2516 1343 2603 1404 rei

375 1447 427 1498 11
479 1430 854 1492 consciorum
893 1439 1179 1493 metuenS.
1237 1429 1577 1493 Pisistratus
1616 1430 1828 1509 spretis
1859 1430 2150 1491 indicibus
2179 1428 2397 1490 Thebis
2425 1446 2601 1490 man—

477 1518 568 1578 sit.
620 1535 823 1599 ⁴servus
848 1525 968 1578 erat
990 1516 1284 1596 Zeuxippi,
1306 1516 1487 1578 totius
1512 1516 1906 1578 internuntius
1928 1523 1987 1577 et
2008 1515 2275 1577 minister
2295 1515 2397 1588 rei,
2420 1533 2599 1594 quem

476 1602 724 1663 indicem
754 1602 1092 1663 Pisistratus
1121 1603 1336 1665 timens
1368 1621 1438 1663 eo
1469 1602 1600 1682 ipso
1637 1601 1852 1663 timore
1880 1602 1953 1662 ad
1981 1601 2263 1674 indicium
2295 1601 2600 1680 protraxit.

476 1689 696 1749 litteras
733 1688 805 1749 ad
834 1688 1197 1768 Zeuxippum
1234 1688 1439 1761 mittit,
1477 1696 1547 1748 ⁴ut
1584 1706 1815 1758 servum
1848 1686 2152 1749 conscium
2181 1686 2434 1758 tolleret:
2473 1703 2599 1747 non

375 1787 433 1836 12
475 1784 593 1834 tam
623 1773 902 1835 idoneum
935 1773 1004 1834 ad
1039 1774 1333 1836 celandam
1363 1792 1491 1834 rem
1522 1792 1655 1834 eum
1685 1772 1864 1836 videri
1887 1771 1998 1834 sibi
2021 1791 2195 1852 quam
2218 1771 2291 1832 ad
2312 1771 2598 1850 agendam

476 1859 665 1922 fuerit.
726 1859 832 1920 has
873 1858 973 1938 qui
1012 1858 1222 1920 tulerat
1258 1858 1481 1919 litteras
1517 1859 1717 1938 iussus
1746 1858 2043 1938 Zeuxippo
2086 1858 2224 1919 dare
2265 1875 2443 1935 quam
2471 1856 2597 1935 pri·
2653 1924 2660 1931 ,

373 1960 433 2009 13
479 1964 658 2016 mum,
691 1944 821 2022 quia
851 1963 973 2005 non
1003 1945 1200 2005 statim
1233 1944 1617 2020 conveniendi
1648 1945 1772 2004 eius
1805 1944 1977 2022 copia·
2002 1943 2126 2014 fuit,
2158 1943 2236 2003 illi
2267 1942 2382 2021 ipsi
2411 1960 2599 2015 servo,

477 2048 650 2109 quem
682 2048 749 2088 ex
783 2029 1055 2103 omnibus
1087 2029 1327 2092 domino
1359 2030 1713 2091 fidissimum
1744 2029 2039 2103 credebat,
2073 2027 2249 2090 tradit
2277 2036 2335 2088 et
2364 2027 2539 2089 adicit
2566 2046 2599 2087 a

475 2167 710 2232 gesallen,
732 2165 1024 2217 schwerlich
1045 2166 1208 2232 quein
1225 2166 1486 2232 multaque
1590 2177 1663 2216 σα
1681 2170 1803 2224 ταῖς
1824 2164 2071 2218 ἑκαστων
2107 2168 2332 2233 ψυχαῖς.
2356 2190 2422 2203 —-
2447 2163 2598 2215 indic.

475 2236 633 2286 freier
649 2235 745 2285 wie
767 2234 869 2284 Cic.
889 2233 1002 2284 Fiu.
1026 2235 1074 2298 5,
1100 2233 1183 2298 22,
1209 2233 1302 2297 64;
1324 2235 1480 2299 Legg.
1587 2236 1719 2288 hom.
1747 2243 1844 2287 etc.
1871 2236 1951 2286 die
1983 2233 2017 2301 ξ
2041 2234 2072 2285 9
2097 2234 2425 2299 -erwiihnten,
2460 2234 2601 2284 nicht

480 2305 530 2367 1,
561 2304 648 2368 11,
674 2302 766 2362 313
794 2301 913 2352 Tac.
940 2306 1068 2353 Ann.
1107 2302 1193 2369 13,
1219 2304 1265 2368 7,
1291 2305 1394 2368 vgl.
1422 2304 1480 2356 L.
1561 2305 1681 2361 ,der
1714 2305 1895 2355 Sclave
1929 2305 1959 2369 ξ
2001 2303 2089 2367 14,
2125 2304 2358 2354 ἀοι·’ὀ“ι·εῐ
2383 2302 2599 2352 nachher

476 2372 524 2434 2,
549 2372 599 2434 4,
625 2372 655 2420 5
679 2370 771 2420 auf
788 2374 842 2421 et
861 2387 925 2420 zu
948 2372 1204 2422 beziehen.
1231 2401 1298 2410 -—-
1319 2389 1482 2439 arg-u-
1587 2388 1698 2423 zum
1725 2373 1875 2423 index
1897 2372 2043 2422 wird.

475 2443 734 2489 mentam-s·
757 2456 806 2488 n.
827 2443 921 2500 est,
948 2440 1193 2504 s.10‚17,
1214 2440 1272 2501 9;
1294 2441 1374 2505 21,
1397 2441 1485 2503 25,

479 2508 526 2556 9.
551 2507 794 2571 —fidem
810 2509 934 2573 fec„
962 2525 1007 2558 c.
1033 2507 1114 2572 31,
1142 2508 1200 2570 93
1228 2508 1308 2572 21,
1330 2510 1411 2570 47,
1435 2510 1481 2559 5.

477 2603 542 2611 —
593 2578 790 2626 obviam
834 2576 980 2626 eund.
1025 2591 1096 2626 cr.
1114 2615 1127 2640 ,
1171 2578 1481 2640 gewiihnlich

474 2644 600 2693 wird
627 2647 826 2695 obviam
844 2660 942 2695 von
965 2647 1047 2695 ire
1071 2645 1206 2695 nicht
1229 2653 1482 2709 getrennt',

477 2728 517 2762 ε.
545 2712 592 2775 9,
618 2712 700 2775 26,
731 2713 815 2762 18:
840 2730 923 2763 me
940 2715 1135 2764 obviam
1152 2717 1227 2764 ire
1250 2716 1483 2773 crimem&

477 2797 518 2832 c.
538 2780 621 2846 20,
646 2781 733 2843 103
756 2781 838 2843 21,
860 2781 941 2844 60,
962 2782 992 2830 5
1011 2798 1059 2831 u.
1081 2797 1154 2842 εις
1177 2782 1298 2832 doch
1317 2781 1483 2832 finden

477 2849 580 2900 sich
639 2850 864 2900 iihnliche
917 2849 1482 2900 Auseinanderstellun-

475 2933 569 2980 gen
595 2919 716 2969 auch
743 2925 886 2968 sonst
910 2918 989 2967 bei
1012 2917 1202 2970 Livius.

545 2986 749 3043 9-10,
793 3002 893 3054 pro
923 2985 1072 3036 indic.
1094 3006 1174 3024 ·—
1206 2990 1294 3037 usi
1320 3008 1390 3030 ==
1423 3003 1481 3039 eo

475 3057 560 3105 usi
586 3058 844 3119 tamquam
867 3054 1110 3105 indicium
1133 3059 1285 3117 esset,
1308 3055 1486 3107 indicii

475 3122 596 3182 loco,
624 3123 726 3183 vgl.
753 3122 843 3184 24,
870 3120 961 3183 48,
988 3122 1263 3187 539,11‚
1291 3123 1323 3172 4
1355 3140 1404 3172 u.
1430 3139 1476 3173 a.

475 3191 560 3239 usi
599 3188 724 3238 fehlt
765 3190 813 3237 in
848 3189 940 3237 der
969 3189 1133 3239 Bamb.
1169 3190 1316 3253 Hds„
1355 3192 1479 3241 doch

476 3258 605 3307 liisst
638 3257 743 3305 sich
780 3256 951 3305 dieses·
973 3256 1096 3306 oder
1119 3258 1198 3307 ein
1224 3257 1479 3309 iihnliches

475 3324 711 3389 Participz
746 3324 1040 3375 schwerlich
1074 3325 1347 3375 entbehren
1379 3328 1480 3379 und

477 3399 610 3442 etwa
636 3392 897 3442 erkliiren:
935 3393 1056 3441 nach
1083 3394 1162 3442 od.
1190 3408 1364 3456 wegen
1390 3395 1480 3445 der

478 3460 714 3524 Meiuung
730 3460 875 3519 aller,
902 3460 980 3510 als
1001 3460 1062 3510 ob
1083 3461 1221 3511 diese
1239 3462 1392 3514 wiire.
1412 3491 1480 3500 -—

473 3530 1307 3663 iiessffssffissietssr⁸⁰3⁸eiivissii⁰
1326 3532 1481 3650 {323¹}

478 3665 681 3715 Griinde
715 3667 939 3729 gesucht.
963 3695 1032 3704 -
1053 3684 1204 3718 suam
1235 3684 1304 3717 m.
1339 3684 1478 3719 cons.

475 3734 766 3784 absichtlich
815 3736 925 3784 dem
982 3735 1102 3799 folg.
1160 3738 1480 3788 consciorum

476 3803 945 3883 entgegengestellt,
969 3804 1070 3882 vgl.
1093 3803 1268 3886 Polyb.
1298 3804 1376 3868 18,
1394 3805 1476 3887 26,

481 3870 567 3920 13:
613 3865 796 3928 οὐδεὶς
826 3871 945 3951 γὰρ
970 3865 1141 3928 οὕτως
1169 3866 1299 3922 οὔτε
1328 3868 1479 3944 μάρ-

476 3954 570 3994 τυς
594 3938 712 3990 ἐστὶ
747 3933 986 4019 φοβερὸς
1018 3931 1143 3990 οὔτε
1174 3935 1480 4010 κατήγορος

478 4001 662 4063 δεινὸς
680 4002 753 4063 ὡς
774 4001 808 4070 ἡ
829 4000 1048 4063 σύνεσις
1071 4003 1104 4072 ἦ
1127 4005 1479 4075 ἑγκατοικοῦ-

1661 2441 1799 2490 11—
1816 2440 1893 2491 13.
1942 2456 2075 2492 serv.
2102 2445 2239 2504 erat,
2267 2455 2309 2491 s.
2336 2438 2415 2503 32,
2441 2438 2524 2500 22,
2548 2439 2594 2489 5.

1589 2536 1657 2547 —·
1692 2512 1897 2576 timore,
1933 2510 1981 2559 in
2010 2509 2100 2558 der
2123 2507 2289 2558 Bamb.
2316 2507 2437 2557 Hds.
2464 2508 2598 2557 steht

1591 2586 1775 2631 temore
1815 2592 1949 2640 rem,
1991 2578 2113 2627 doch
2160 2577 2355 2627 scheint
2385 2576 2479 2625 der
2508 2590 2593 2638 ge-

1590 2648 1764 2697 suchte
1801 2645 2087 2710 Gegensatz
2122 2661 2186 2695 zu
2217 2644 2447 2707 fordern,
2481 2644 2595 2692 dass

1589 2713 2023 2780 beidefriidicate
2047 2713 2266 2765 indicem
2292 2714 2475 2762 timens
2497 2711 2595 2760 und

1591 2782 1664 2832 ·ad
1682 2782 1837 2833 indic.
1858 2785 2131 2850 protraan't
2144 2781 2235 2831 auf
2252 2781 2346 2830 den
2367 2779 2596 2844 Sclaven,

1590 2866 1673 2900 um
1719 2850 1813 2900 den
1855 2867 1911 2900 es
1956 2852 2061 2900 sich
2103 2848 2329 2909 handen,
2372 2848 2593 2911 bezogen

1590 2919 1815 2984 werden,
1842 2919 1944 2982 vgl.
1972 2918 2061 2984 44,
2088 2917 2177 2978 26,
2210 2918 2262 2967 1.
2291 2916 2595 2985 protrahere

1588 2990 1879 3045 inimicum,·
1903 2986 2021 3036 Tac.
2046 2986 2107 3036 H.
2131 2986 2179 3048 4,
2208 2986 2259 3035 1:
2287 2985 2596 3054 protrahere

1551 3099 1554 3102 ,
1588 3055 1815 3106 abditos.-
1833 3054 2166 3115 erbewirkte,
2187 3052 2592 3115 dassderSclave

1586 3139 1676 3174 aus
1725 3124 1817 3173 der
1855 3123 2258 3185 verborgenheit
2307 3123 2594 3170 hervortrat

1586 3192 1684 3242 und
1702 3192 1923 3254 Anzeige
1946 3192 2159 3242 machte.
2211 3191 2335 3241 Dass
2352 3188 2592 3239 indioeum

1588 3259 1724 3309 nicht
1752 3260 1998 3310 iudicium
2032 3274 2096 3308 zu
2131 3259 2270 3308 lesen
2315 3257 2415 3320 sei,
2444 3257 2593 3319 zeigt

1588 3327 1621 3393 ξ
1650 3328 1730 3388 14,
1756 3343 1835 3377 wo
1864 3334 1973 3377 erst
1995 3327 2044 3377 in
2071 3326 2229 3390 Folge
2255 3326 2347 3376 der
2370 3325 2589 3387 Anzeigo

1589 3396 1677 3446 das
1706 3395 1912 3447 Gericht
1934 3394 2155 3459 cintritt,
2190 3393 2293 3457 vgl.
2321 3394 2379 3457 7,
2417 3392 2509 3456 39,
2546 3393 2592 3441 5.

1588 3492 1656 3500 -
1698 3465 1891 3515 tulerat
1938 3464 1988 3513 in
2033 3464 2203 3526 Bezug
2250 3461 2341 3511 auf
2383 3460 2596 3515 tradidit

1588 3554 1658 3574 =
1680 3535 1769 3598 qui
1794 3533 1980 3583 tulerat
1994 3571 2007 3593 ,
2042 3533 2142 3582 etsi
2170 3534 2349 3581 iussus
2382 3533 2499 3580 erat
2525 3557 2590 3565 —

1589 3601 1715 3652 dare
1735 3627 1807 3638 —-
1839 3599 2077 3661 tradidit,·
2114 3600 2203 3648 das
2221 3599 2384 3663 serre
2405 3611 2514 3647 war
2545 3597 2590 3646 in

1588 3669 1757 3732 Bezug
1787 3669 1880 3718 auf
1899 3668 2114 3718 tradidit
2137 3666 2411 3717 vollendet.
2438 3666 2590 3731 -fi-

1588 3737 1741 3802 diu„
1786 3738 1908 3786 nach
1943 3736 2123 3786 Donat.
2160 3734 2368 3785 Terent.
2393 3734 2588 3784 Phorm.

1590 3805 1642 3869 1,
1680 3805 1735 3868 2,
1772 3805 1861 3855 36
1882 3804 2031 3871 fidus
2065 3807 2147 3854 est
2177 3804 2388 3862 amicita,
2413 3801 2587 3868 fidelis

1584 3889 1789 3937 servus,
1815 3873 1967 3923 sollte
1989 3887 2100 3922 man
2256 3874 2481 3921 simum
2505 3885 2590 3919 er·-

1583 3949 1793 4004 warten‚
1820 3957 1862 3992 S.
1889 3940 2092 3990 Cornei.
2119 3940 2289 3991 Thcm.
2305 3939 2366 4002 ’4
2391 3938 2439 3999 3,
2465 3939 2592 3988 doch

1582 4010 1707 4060 wird
1735 4010 1825 4059 der
1847 4008 2178 4061 Unterschied
2208 4005 2589 4063 beider'Worte
