2861 4550
479 354 602 417 346
1025 350 1219 403 mauu
1255 349 1500 403 xxxlv.
1559 322 1702 404 cmi.
1725 352 1808 404 59.
1832 352 1914 406 eo.
1941 352 2025 405 61.
2094 337 2103 343 ’
2300 381 2306 386 -
2364 365 2590 409 amm.

479 508 816 569 festinarent
844 507 1177 581 decernere,
1210 525 1327 586 quo
1359 507 1592 568 decreto
1620 507 1911 570 turbaturi
1941 507 2147 569 orbem
2176 515 2468 569 terrarum
2497 526 2595 570 es—

406 605 432 653 7
479 601 627 655 sent.
672 594 906 672 tempus
927 600 986 652 et
1015 592 1125 653 sibi
1148 600 1450 653 sumerent
1478 599 1536 653 et
1562 593 1684 672 regi
1714 594 1787 655 ad
1817 592 2193 674 cogitandum
2224 593 2442 655 darent.
2489 613 2596 655 co-

477 679 809 757 gitaturum,
839 697 975 740 cum
1011 678 1369 740 renuntiatae
1405 677 1781 739 condiciones
1811 686 2025 751 essent,
2061 687 2118 741 et
2146 678 2597 758 impetraturum

479 764 691 845 aliquid
731 772 830 825 aut
865 763 1026 843 pacis
1074 782 1248 825 causa
1286 781 1723 825 concessurum.
1776 765 1853 825 ita
1891 764 2117 843 integra
2156 764 2327 827 dilata
2359 782 2454 827 res
2484 771 2596 827 est.

405 859 436 909 8
477 851 696 929 legatos
728 850 880 910 mitti
918 849 991 910 ad
1021 868 1215 928 regem
1258 849 1527 922 eosdem,
1568 848 2273 929 quiLysimachiaeapud
2298 868 2436 912 eum
2465 851 2594 911 fue-

477 943 627 1010 rant,
658 934 890 1014 placuit,
921 935 985 994 P.
1018 934 1342 1014 Sulpicium
1370 933 1437 994 P.
1470 934 1694 995 Villium
1725 935 1791 995 P.
1821 934 2065 996 Aelium.

371 1022 453 1082 60
648 1019 894 1080 Vixdum
937 1019 995 1080 hi
1035 1020 1282 1098 profecti
1307 1027 1511 1090 erant,
1555 1038 1688 1082 cum
1729 1039 1759 1081 a
1790 1019 2133 1097 Carthagine
2169 1017 2341 1097 legati
2376 1018 2595 1081 bellum

478 1106 633 1167 haud
659 1105 832 1166 dubie
852 1123 1060 1185 parare
1084 1104 1441 1166 Antiochum
1462 1104 1784 1165 Hannibale
1807 1105 2083 1165 ministro
2104 1104 2413 1166 attulerunt
2444 1105 2594 1169 inie-

405 1202 435 1251 2
481 1200 797 1270 ceruntque
820 1208 1038 1264 curam,
1062 1207 1137 1250 ne
1158 1189 1333 1252 simul
1354 1197 1410 1250 et
1430 1189 1719 1250 Punicum
1742 1189 2090 1251 excitaretur
2109 1189 2342 1250 bellum.
2430 1189 2594 1251 Han-

481 1275 667 1349 nibal,
709 1275 892 1353 patria
931 1275 1219 1354 profugus
1258 1282 1600 1353 pervenerat
1637 1277 1709 1336 ad
1740 1274 2123 1348 Antiochum,
2161 1274 2312 1337 sicut
2339 1282 2472 1335 ante
2498 1275 2594 1336 di-

481 1368 637 1420 ctum
663 1368 769 1431 est,
796 1368 852 1420 et
874 1367 997 1420 erat
1020 1361 1173 1439 apud
1199 1379 1395 1439 regem
1418 1360 1481 1421 in
1505 1378 1718 1440 magno
1752 1361 1998 1434 honore,
2021 1359 2177 1421 nulla
2198 1358 2307 1420 alia
2329 1367 2453 1421 arte
2474 1360 2593 1421 nisi

480 1446 634 1526 quod
665 1445 943 1506 volutanti
974 1445 1072 1507 diu
1104 1444 1346 1506 consilia
1373 1446 1448 1521 de
1477 1445 1743 1507 Romano
1772 1445 1923 1506 bello
1964 1463 2141 1506 nemo
2181 1443 2379 1524 aptior
2412 1464 2597 1525 super

405 1543 433 1592 3
481 1530 575 1592 tali
603 1549 668 1592 re
699 1530 992 1610 particeps
1021 1550 1154 1592 esse
1184 1531 1479 1593 sermonis
1510 1538 1757 1612 poterat.
1805 1530 2092 1592 sententia
2116 1530 2245 1607 ,eius
2275 1547 2391 1591 una
2421 1528 2597 1610 atque

479 1616 680 1677 eadem
711 1635 947 1695 semper
976 1625 1115 1692 erat,
1146 1626 1215 1678 ut
1242 1617 1305 1678 in
1326 1617 1483 1679 Italia
1504 1617 1718 1678 bellum
1738 1627 2064 1695 gereretur:
2096 1615 2314 1677 Italiam
2345 1625 2404 1676 et
2425 1635 2595 1677 com-

404 1716 435 1764 4
479 1714 702 1763 meatus
728 1710 784 1763 et
812 1702 1051 1763 militem
1083 1702 1476 1782 praebituram
1511 1709 1751 1763 externo
1780 1700 1955 1764 hosti.
1989 1702 2040 1762 si
2068 1701 2213 1762 nihil
2241 1700 2318 1761 ibi
2349 1720 2593 1762 movea-

478 1787 599 1867 tur',
641 1788 918 1867 liceatque
956 1788 1177 1868 populo
1208 1787 1479 1851 Romano
1519 1786 1736 1848 viribus
1768 1794 1825 1847 et
1854 1787 2039 1867 copiis
2066 1786 2261 1847 Italiae
2288 1792 2448 1849 extra
2473 1787 2594 1848 Ita-

479 1873 612 1934 liam
641 1873 854 1934 bellum
886 1892 1101 1953 gerere,
1134 1891 1323 1953 neque
1350 1891 1547 1952 regem
1579 1891 1771 1952 neque
1791 1880 2020 1952 gentem
2042 1872 2218 1933 ullam
2240 1889 2443 1950 parem
2468 1871 2592 1933 Ro-

406 1973 436 2020 5
479 1958 665 2019 manis
713 1977 863 2019 esse.
927 1958 1036 2019 sibi
1081 1967 1313 2020 centum
1343 1966 1543 2021 tectas
1571 1977 1749 2019 naves
1795 1965 1854 2018 et
1896 1959 2097 2019 decem
2133 1955 2290 2019 milia
2329 1957 2593 2036 peditum

479 2043 636 2104 mille
658 2044 879 2123 equites
904 2044 1274 2123 deposcebat.
1305 2063 1368 2106 ea
1395 2063 1460 2106 se
1483 2043 1672 2106 classe
1694 2043 1951 2123 primum
1962 2042 2211 2104 Africam
2236 2042 2592 2122 petiturum:

481 2145 837 2207 magnopere
875 2129 1169 2189 confidere
1210 2140 1266 2189 et
1304 2128 1811 2208 Carthaginienses
1856 2129 1933 2191 ad
1973 2127 2366 2189 rebellandum
2411 2127 2483 2189 ab
2529 2147 2599 2188 se

410 2227 441 2277 6
485 2212 753 2294 compelli
782 2231 982 2294 posse.
1030 2213 1080 2274 si
1109 2213 1186 2275 illi
1218 2222 1582 2289 cunctentur,
1613 2233 1678 2275 se
1707 2214 1894 2294 aliqua
1915 2223 2078 2294 parte
2100 2212 2293 2274 Italiae
2317 2212 2600 2277 excitatu-

476 2319 606 2362 rum
649 2300 935 2361 Romanis
974 2300 1204 2382 bellum.
1260 2319 1459 2379 regem
1499 2320 1632 2362 cum
1670 2300 1876 2364 ceteris
1923 2299 2195 2360 omnibus
2242 2298 2490 2360 transire
2534 2300 2599 2362 in

474 2386 772 2465 Europam
805 2384 1015 2446 debere
1045 2394 1101 2447 et
1128 2386 1189 2446 in
1220 2387 1406 2466 aliqua
1436 2393 1603 2466 parte
1626 2385 1897 2447 Graeciae
1927 2385 2128 2463 copias
2154 2383 2457 2445 continere
2487 2402 2600 2445 ne-

478 2490 591 2549 que
618 2470 978 2532 traicientem
1008 2480 1081 2545 et,
1111 2473 1267 2551 quod
1300 2473 1360 2534 in
1392 2472 1651 2553 speciem
1683 2473 2016 2550 famamque
2037 2470 2171 2531 belli
2195 2469 2336 2530 satis
2363 2469 2458 2543 sit,
2488 2489 2601 2549 pa-

478 2562 670 2616 ratum
699 2555 963 2631 traicere.
1711 2623 1715 2627 ,
1873 2625 1885 2632 ξ

371 2643 452 2704 61
507 2695 511 2697 ,
547 2643 566 2698 I
650 2640 717 2701 In
760 2640 912 2701 hanc
956 2641 1304 2702 sententiam
1348 2662 1482 2704 cum
1521 2641 1861 2705 adduxisset
1896 2658 2124 2721 regem,
2164 2640 2603 2722 praeparandos

478 2885 545 2894 —
580 2857 850 2908 decernere
888 2880 957 2901 =
996 2859 1257 2909 decretum
1280 2858 1488 2924 facere,
1591 2860 1782 2921 nistre,
1818 2857 1910 2908 der
1942 2857 2039 2908 ihm
2075 2855 2217 2908 Alles
2249 2872 2313 2909 an
2347 2857 2425 2908 die
2456 2856 2602 2907 Hand

476 2926 580 2989 vgl.
608 2925 690 2991 24,
716 2924 797 2992 22,
832 2925 880 2976 9.
903 2954 971 2964 -—
1003 2926 1074 2977 ad
1104 2928 1274 2992 cogit„
1304 2928 1487 2990 gehort
1593 2925 1747 2992 gebe,
1777 2925 2157 2976 berbeischaffe.
2190 2952 2259 2963 —
2286 2942 2521 2994 pernen„
2555 2940 2600 2976 s,

477 2995 602 3044 auch
628 3010 692 3043 zu
719 2998 919 3062 temlms
951 2999 1230 3046 sumerent.
1255 3022 1322 3030 -—
1353 2997 1485 3045 inte-
1593 2992 1675 3058 33,
1701 2993 1791 3058 49,
1825 2993 2013 3044 bereits
2048 2994 2178 3044 zwei
2211 2995 2362 3044 Jabre
2395 2994 2601 3054 vorher,

473 3079 592 3129 gra,
611 3063 940 3129 proleptisch:
962 3064 1035 3112 sie
1056 3064 1228 3113 wurde
1246 3064 1487 3113 verscho-
1591 3062 1640 3112 in
1667 3063 1826 3113 denen
1851 3077 1908 3112 er
1933 3062 2095 3112 nichts
2117 3062 2298 3125 gethan
2332 3064 2440 3125 bat,
2477 3063 2604 3111 oder

470 3131 573 3180 'ben
598 3132 696 3180 und
730 3131 863 3180 blieb
898 3146 955 3180 so
987 3131 1406 3194 unentschieden,
1443 3147 1485 3181 s,
1592 3132 1679 3181 hat
1702 3131 1823 3180 thuu
1856 3130 2070 3180 konnen.
2096 3130 2336 3182 -—.nulla
2368 3131 2433 3181 al.
2458 3147 2527 3194 a.,
2555 3146 2596 3179 s,

480 3198 561 3260 27,
588 3197 634 3261 9,
663 3197 753 3259 103
790 3198 855 3249 ib.
892 3198 973 3263 25,
1000 3199 1055 3260 23
1093 3197 1174 3259 30,
1204 3198 1282 3260 12,
1309 3197 1392 3263 29.
1416 3226 1487 3236 -
1594 3198 1641 3261 2,
1669 3198 1748 3264 47,
1780 3197 1858 3248 12.
1884 3226 1953 3235 --
1975 3197 2245 3261 volutanti,
2271 3198 2494 3249 dieselbe
2519 3197 2601 3248 Si-

479 3265 696 3331 Iegatos,
730 3265 831 3328 vgl.
868 3264 1045 3316 lustin.
1074 3265 1155 3328 31,
1182 3265 1231 3329 4,
1258 3265 1306 3315 4.
1332 3293 1399 3302 —·
1423 3267 1484 3317 P.
1592 3266 1785 3317 tuation
1812 3266 1908 3316 wie
1935 3267 2088 3316 sebon
2115 3266 2194 3332 33,
2220 3266 2304 3331 49,
2330 3267 2358 3316 7
2374 3266 2600 3333 :fluctu-

479 3331 623 3402 Sulp.
650 3335 752 3383 und
779 3334 840 3383 P.
861 3333 974 3384 Ael.
996 3349 1164 3385 waren
1184 3333 1321 3383 nicht
1338 3341 1487 3384 unter
1590 3339 1763 3386 antem
1785 3362 1852 3371 —
1875 3351 1939 3387 ‚su
1975 3350 2032 3385 er
2055 3335 2149 3385 tali
2167 3351 2239 3401 re,
2264 3351 2306 3385 s.
2329 3334 2372 3401 2,
2395 3335 2440 3401 4,
2460 3334 2511 3400 4,
2535 3351 2601 3385 zu

481 3402 574 3450 den
614 3401 929 3465 Gesandten,
971 3402 1051 3453 die
1084 3402 1132 3452 iu
1167 3401 1487 3469 Lysimachia
1591 3406 1845 3455 sermonis
1869 3417 1930 3466 ge
1967 3404 2139 3464 dread,
2171 3402 2216 3466 1,
2243 3402 2324 3466 34,
2350 3405 2398 3454 5.

478 3469 568 3519 mit
591 3471 703 3520 dem
722 3469 886 3534 Riinig
907 3471 1204 3522 verbandelt
1225 3473 1415 3534 hatten,
1443 3487 1484 3522 ε.
1661 3469 1812 3521 4-6.
1857 3472 1999 3521 υἰνίῠ.
2035 3476 2088 3522 et
2122 3487 2179 3522 co
2218 3508 2258 3533 .‚
2304 3487 2344 3521 s.
2368 3469 2453 3532 21,
2484 3470 2529 3533 1,
2554 3471 2601 3537 2,

480 3536 562 3600 33,
590 3536 671 3604 24,
697 3539 757 3599 73
794 3539 857 3588 ib.
886 3538 967 3604 35,
990 3540 1050 3602 23
1077 3538 1160 3603 39,
1194 3539 1243 3602 2,
1276 3541 1377 3589 und
1402 3538 1485 3601 35,
1595 3554 1688 3589 zur
1729 3538 1888 3588 Sache
1930 3539 2033 3603 vgl.
2061 3539 2144 3603 31,
2203 3576 2218 3600 ,
2251 3539 2330 3588 14.
2362 3567 2430 3575 —-
2474 3537 2600 3590 Car-

485 3603 571 3669 13,
616 3604 648 3652 6
678 3605 804 3655 wird
839 3607 1019 3660 Aelius
1062 3608 1198 3658 nicht
1239 3615 1486 3671 genannt3
1598 3608 1755 3673 theg„
1779 3606 1985 3673 Appiau.
2013 3607 2047 3657 1.
2075 3608 2109 3658 l.
2144 3604 2200 3664 ἔς
2221 3622 2280 3658 τε
2303 3610 2428 3678 Καρ
2503 3601 2601 3657 δό-

480 3674 569 3724 das
611 3673 828 3723 letztere
870 3676 938 3725 ist
976 3676 1115 3726 viell.
1161 3676 1344 3725 Schuld
1396 3677 1490 3725 der
1595 3691 1666 3728 να
1690 3678 1811 3731 τοῖς
1835 3675 2026 3759 φίλοις
2042 3672 2357 3726 ἐπιστεῖλαι
2380 3624 2604 3740 183¹&-

481 3740 834 3802 Abschreiber,
864 3743 952 3791 das
972 3743 1183 3795 Erstere
1200 3742 1286 3793 L's
1306 3744 1487 3794 selbst.
1595 3758 1710 3813 μον
1743 3741 1798 3799 ἐς
1827 3738 2150 3796 απόστασιν
2183 3741 2419 3812 ἐγεῖραι,
2463 3740 2603 3794 δυσ-

547 3799 823 3862 60-62.
845 3808 1087 3862 Hannibal
1103 3813 1203 3862 und
1221 3811 1518 3876 Carthago.,
1595 3810 1885 3894 φοροῦντα
1933 3811 2068 3869 τέως
2118 3807 2211 3880 ἐφ’
2250 3811 2451 3863 ἑαυτοῦ
2511 3810 2605 3862 καὶ

480 3879 656 3945 Polyb.
685 3877 768 3941 32,
794 3877 852 3940 23
878 3875 1052 3929 lustin.
1078 3879 1160 3940 31,
1188 3880 1247 3941 4;
1274 3880 1486 3947 Appian.
1596 3895 1746 3947 προς
1772 3875 2078 3949 Ῥωμαίους
2109 3876 2364 3936 ἀπίστως
2405 3877 2605 3949 ἔχοντα

479 3947 589 3999 Lib.
615 3947 708 4008 673
736 3947 933 4015 Syriae.
961 3947 1022 4009 73
1047 3946 1230 3997 Zonar.
1257 3948 1306 4013 9,
1336 3947 1413 3997 18.
1597 3954 1693 3998 etc.
1717 3975 1787 3985 -—
1821 3946 1996 4000 Grmc.
2010 3987 2024 4013 ,
2049 3946 2223 4000 lustin.
2249 3949 2284 4000 l.
2308 3949 2368 3999 L:
2391 3952 2448 4000 in
2469 3950 2606 4000 Asia

553 4014 723 4067 1-3,
759 4016 936 4081 simul,
971 4031 1013 4069 ε.
1048 4031 1091 4068 c.
1116 4013 1199 4080 62,
1225 4014 1274 4064 62
1296 4042 1366 4052 -—
1387 4016 1487 4066 mi·
1593 4019 1712 4083 regi
1731 4016 1944 4078 sedenti.
