2861 4550
956 371 1149 425 LIBER
1183 371 1382 426 xxxx.
1422 372 1584 427 chP.
1605 373 1690 428 46.
2197 366 2204 371 ’
2296 375 2378 439 87

250 530 318 590 in
372 528 685 590 obsidione
723 537 781 590 et
818 529 880 590 in
922 527 1199 610 operibus
1239 546 1412 610 quam
1456 526 1517 588 in
1559 529 2003 607 oppugnatione
2044 528 2212 599 celeri
2253 530 2378 608 spei

253 621 445 686 esset,
487 614 718 675 interim
762 622 819 675 et
846 614 995 675 aliud
1031 613 1122 692 agi
1151 626 1337 691 posse·
1361 620 1523 675 ratus
1555 613 1776 691 legatus
1806 613 2019 675 relictis
2050 615 2210 693 quod
2235 615 2380 676 satis

253 699 512 761 militum
550 700 856 760 videbatur
885 700 957 760 ad
990 713 1166 779 opera
1195 698 1554 777 perficienda
1582 697 1773 759 traicit
1801 698 1864 760 in
1893 698 2159 777 proxima
2190 701 2379 761 conti-

252 785 483 857 nentis,
528 783 908 864 Larisamque
947 815 1031 829 —-
1069 799 1193 844 non
1230 783 1386 868 'illam
1426 783 1490 844 in
1520 783 1815 844 Thessalia
1854 784 2110 846 nobilem
2154 785 2379 858 urbem,

254 870 359 930 sed
393 870 657 944 alteram,
710 887 882 949 quam
924 869 1261 931 Cremasten
1299 872 1511 929 vocant
1548 893 1631 913 -··-
1674 869 1872 930 subito
1916 870 2169 931 adventu
2205 889 2378 949 prae-

253 961 344 1016 ter
373 972 563 1015 arcem
595 954 764 1035 cepit.
823 954 1047 1036 Attalus
1080 970 1314 1034 quoque
1342 953 1630 1032 Aegeleon
1660 953 1804 1016 nihil
1833 955 2028 1016 minus
2061 974 2235 1034 quam
2266 954 2378 1016 tale

253 1039 569 1121 quicquam
619 1041 680 1101 in
724 1039 958 1102 alterius
997 1039 1438 1120 oppugnatione
1478 1037 1641 1100 urbis
1681 1039 2020 1102 timentibus
2062 1040 2374 1119 oppressit.

253 1133 313 1186 et
336 1125 453 1186 iam
486 1142 620 1186 cum
652 1144 833 1206 opera
861 1126 923 1186 in
953 1126 1161 1187 effectu
1191 1132 1358 1185 erant
1389 1124 1539 1185 circa
1571 1123 1810 1200 Oreum,
1843 1133 1968 1186 tum
1999 1125 2377 1205 praesidium,

205 1235 213 1244 ·
252 1209 416 1289 quod
457 1210 615 1272 intus
657 1218 806 1285 erat,
845 1211 1046 1272 labore
1077 1208 1354 1284 adsiduo,
1395 1208 1598 1288 vigiliis
1632 1209 1859 1270 diurnis
1889 1210 2106 1289 pariter
2135 1218 2377 1272 noctur-

251 1297 468 1375 nisque
496 1302 554 1355 et
582 1295 917 1356 vulneribus
950 1296 1297 1357 confectum.
1356 1294 1514 1354 muri
1545 1312 1780 1373 quoque
1807 1313 1946 1373 pars
1976 1294 2151 1357 ariete
2178 1296 2377 1357 incus-

253 1399 324 1443 so
367 1379 608 1441 subruta
646 1381 848 1442 multis
887 1381 1000 1442 iam
1041 1380 1187 1442 locis
1231 1379 1592 1459 prociderat3
1641 1397 1865 1460 perque
1903 1387 2172 1459 apertum
2213 1381 2380 1442 ruina

253 1467 367 1526 iter
404 1473 589 1526 nocte
607 1464 854 1527 Romani
898 1469 1077 1545 {quae
1117 1473 1297 1544 super
1334 1472 1573 1543 portum
1615 1467 1733 1542 est]
1755 1466 1837 1540 ,in
1868 1484 2061 1526 arcem
2092 1485 2380 1547 perruper-

252 1557 408 1618 runt.
469 1551 690 1612 Attalus
722 1552 847 1612 luce
878 1552 1069 1675 prima
1099 1552 1270 1630 signo
1302 1567 1372 1611 ex
1405 1568 1537 1611 arce
1570 1551 1709 1644 dato
1741 1551 1813 1611 ab
1845 1550 2130 1612 Romanis
2159 1559 2219 1611 et
2247 1552 2377 1634 ipse

250 401 299 430 a.
322 389 405 431 ch.
429 375 522 429 260.

250 1716 305 1767 ἰιι
336 1716 727 1767 verschiedeuer
755 1715 908 1766 Fet-m
943 1716 1021 1765 die
1058 1714 1262 1766 Griinde
1371 1716 1645 1776 mentibus,
1670 1712 1797 1763 iiber
1815 1714 1894 1763 die
1924 1714 2123 1781 synesis
2150 1729 2190 1764 s,
2204 1713 2268 1775 33
2272 1715 2381 1778 ,47,

253 1785 346 1834 des
369 1782 568 1834 Muthes
587 1800 674 1848 an,
702 1785 872 1835 dieser
893 1799 1003 1836 war
1026 1785 1086 1834 da
1111 1784 1262 1835 theils
1373 1782 1433 1845 63
1465 1782 1546 1845 32,
1564 1781 1644 1846 18,
1657 1780 1714 1842 8,
1745 1780 1829 1845 28,
1846 1781 1926 1845 19,
1936 1782 1996 1844 33
2026 1781 2073 1845 8,
2090 1782 2170 1844 11,
2185 1781 2231 1832 3.
2258 1752 2382 1832 siem

251 1852 303 1903 in
336 1850 495 1914 Fulge
531 1853 620 1919 des
657 1821 866 1913 ''I'adeIS‚
915 1853 1007 1901 der
1038 1852 1141 1901 sich
1178 1852 1270 1902 auf
1373 1819 1546 1901 Si’nne
1568 1817 1714 1899 na⁷ch
1740 1850 1866 1913 liegt
1907 1850 1955 1899 in
1991 1851 2101 1900 dem
2144 1849 2381 1920 Particip.

251 1920 336 1971 «lie
359 1919 764 1984 Vergangenheit
786 1920 958 1986 bezog,
990 1920 1089 1983 vgl.
1110 1919 1190 1982 28,
1218 1918 1262 1985 8,
1371 1918 1603 1969 dasseibe
1639 1916 1850 1981 Subject
1888 1918 1987 1968 wie
2024 1920 2072 1968 in
2108 1917 2381 1982 Aegeleon,

252 1988 404 2039 theiis
429 1988 547 2038 weil
572 1988 646 2038 sie
671 1989 948 2053 eingedenk
971 2004 1143 2039 waren
1172 1989 1263 2038 der
1373 2004 1414 2038 s.
1440 1986 1473 2051 ξ
1497 1987 1557 2047 4,
1586 1986 1669 2049 29,
1696 1987 1744 2049 5,
1769 1984 1802 2035 8
1828 2001 1876 2036 ιι.
1903 2000 1950 2036 a.

252 2056 337 2107 liir
386 2056 464 2105 die
512 2056 735 2107 Zukunft
791 2058 1260 2123 ausgesprochenen
1444 2022 1674 2104 14—16’.
1723 2057 1875 2105 etiam
1917 2054 1996 2104 hei
2040 2055 2179 2104 ihrer
2215 2054 2381 2105 Riick-

251 2124 555 2188 Drohungen
613 2126 711 2175 und
766 2126 911 2175 ihnen
968 2125 1259 2189 gegebenen
1367 2123 1496 2173 kehr
1518 2137 1689 2173 waren
1715 2122 1938 2187 hereits,
1980 2122 2082 2186 vgl.
2111 2123 2193 2185 21,
2224 2123 2301 2185 12,
2328 2122 2377 2172 2.

249 2190 719 2259 Versprechungen.
768 2193 936 2246 Ueber
961 2191 1054 2244 den
1091 2191 1259 2243 Ablat.

1365 2195 1419 2241 m
1448 2193 1636 2257 effectu
1671 2191 1721 2240 in
1747 2190 2062 2254 Th'atigkeit,
2099 2189 2192 2255 21,
2230 2191 2284 2255 7,
2320 2192 2378 2241 6.
2389 2210 2391 2213 >

249 2264 682 2328 castigationibus
716 2278 757 2312 s.
793 2279 836 2313 c.
870 2261 960 2321 21,
1001 2262 1080 2312 11.
1108 2290 1176 2298 —
1206 2264 1259 2311 in

247 2330 384 2385 adm.
412 2329 576 2398 culpa,
603 2346 643 2380 s.
671 2330 717 2392 3,
745 2331 792 2393 8,
822 2331 879 2392 73
914 2330 978 2379 ih.
1006 2328 1091 2391 51,
1118 2330 1177 2391 43
1210 2329 1258 2393 5,

247 2399 343 2459 47,
379 2394 428 2446 6.
454 2425 521 2434 —-
548 2402 601 2447 et
621 2398 808 2447 konnte
841 2397 997 2447 simul
1015 2424 1085 2435 -—
1106 2397 1263 2448 simul

248 2467 440 2516 ehenso
460 2481 485 2514 a
494 2463 743 2529 nkniipfen
753 2465 851 2514 wie
869 2465 1020 2514 modo
1032 2493 1098 2501 —
1108 2465 1257 2515 modo

248 2533 348 2595 22,
389 2531 477 2594 12,
515 2532 542 2579 7
589 2548 680 2582 nec
710 2559 781 2569 —
811 2547 975 2583 necu.
1002 2548 1048 2582 a.
1099 2532 1263 2585 Ueher

249 2601 334 2650 die
377 2597 896 2664 Zusnmmehstellung
941 2601 1260 2659 verschiede-

246 2667 651 2719 nerFormens.
680 2685 721 2718 c.
748 2668 831 2735 24,
850 2667 907 2729 3,
936 2668 1017 2728 47,
1046 2668 1102 2731 63
1140 2669 1184 2732 1,
1210 2669 1258 2732 4,

247 2735 412 2799 23ib.
451 2734 625 2801 32,32
677 2738 732 2798 5,
773 2737 858 2799 19,
897 2736 955 2798 3,
1003 2705 1258 2803 30,4,11’

246 2822 299 2855 ιι.
345 2819 393 2854 ιι.
441 2832 511 2842 -
557 2802 754 2870 Wegen
815 2805 907 2856 der
958 2804 1116 2856 Harte
1168 2806 1259 2855 der

246 2872 574 2935 Verbindung
584 2874 724 2923 wird
755 2877 1109 2940 castigationis
1143 2888 1260 2923 ver-

246 2943 442 2992 muthet
499 2942 621 2991 oder
679 2947 731 2992 et
781 2958 878 2993 vor
929 2942 1086 2992 simul
1142 2949 1259 2991 ent—

246 3010 400 3060 fernt.
425 3037 494 3046 —
520 3025 725 3078 oppugn
652 3015 796 3075 gmat
832 3009 946 3076 cel„
984 3011 1061 3061 ein
1087 3009 1257 3060 Sturm

246 3079 342 3128 der
360 3078 552 3127 schuell
570 3093 681 3128 zum
703 3077 845 3128 Ziele
863 3077 1041 3128 ftihren
1062 3077 1254 3127 wiirde.

246 3147 363 3224 spei
382 3147 506 3195 nach
533 3164 558 3196 s
596 3160 676 3196 em
700 3147 770 3197 ist
798 3147 896 3196 wol
927 3146 1259 3196 unbeabsieh-

246 3213 361 3277 tigt,
387 3229 430 3263 s,
450 3211 489 3280 ξ
517 3211 595 3264 1.

319 3280 460 3330 12-
451 3281 551 3335 13
590 3282 726 3348 quod
755 3289 880 3348 etc„
913 3281 1255 3333 wahrsehein-

245 3349 348 3400 lieh
391 3350 459 3400 ist
499 3350 719 3402 militum
764 3351 1099 3414 ausgefallen‚
1153 3350 1256 3414 vgl.

247 3417 337 3483 24,
365 3417 458 3482 40,
496 3417 551 3467 6.
587 3419 725 3485 quod
742 3435 900 3469 naves
922 3419 1144 3470 militum
1167 3434 1256 3468 ca—

244 3500 370 3554 pere
389 3501 492 3537 non
513 3490 772 3555 poterant,
796 3490 851 3536 in
871 3490 1139 3538 onerarias
1157 3502 1254 3537 zm-

239 3556 460 3622 posittu
484 3554 569 3618 28,
585 3555 630 3621 2,
656 3554 742 3604 12.
770 3555 906 3620 quod
918 3560 1151 3606 soterum
1164 3571 1255 3622 pe

246 3620 415 3674 dztum
447 3593 584 3686 erui,
627 3626 804 3688 secatz.
841 3650 910 3660 —
933 3626 1258 3674 continentis

250 3706 295 3740 n.
331 3688 648 3754 Thessaliae,
683 3706 724 3740 s,
751 3706 794 3739 c.
831 3691 918 3752 45,
960 3691 1037 3741 10.
1063 3690 1256 3740 —La-

247 3761 357 3809 risa
403 3760 451 3811 in
501 3757 777 3820 Phthiotis,
826 3764 984 3808 etwas
1032 3758 1256 3809 n6rdlieh

248 3841 363 3877 vom
388 3826 758 3891 Pagasiiischen
785 3824 1103 3876 Meerbusen.
1151 3828 1259 3877 Ae-

243 3895 429 3958 geleon
478 3896 673 3946 scheint
718 3901 862 3945 sonst
902 3895 1038 3944 nicht
1076 3910 1259 3945 vorzu-

248 3962 496 4027 kommen‚
541 3976 597 4014 es
633 3964 761 4015 wird
793 3963 1049 4026 Pteleum,
1085 3962 1133 4012 in
1171 3964 1262 4014 der

250 4028 394 4082 Niihe
430 4048 529 4083 von
554 4031 750 4096 Larisa,
775 4034 1076 4085 vermuthet‘.
1102 4060 1164 4068 ——
1192 4034 1259 4084 ti-

1364 2263 1639 2329 postquam
1678 2258 1751 2311 ad
1780 2261 2023 2326 effectum
2049 2262 2224 2329 operis
2257 2277 2377 2310 ven-

1368 2331 1481 2383 tum
1504 2332 1598 2390 est,
1624 2327 1684 2392 6,
1696 2329 1744 2392 4,
1770 2327 1829 2389 6,
1858 2329 1981 2382 nach
1999 2327 2260 2379 Anderen:
2287 2329 2379 2379 der

1366 2395 1687 2460 Vollendung
1705 2398 1848 2461 nahe,
1869 2412 1909 2445 s.
1930 2396 2247 2460 Nagelshach
2261 2395 2375 2448 Stil.

1367 2465 1419 2514 S.
1452 2464 1561 2514 155.
1606 2492 1677 2504 --
1719 2467 1940 2515 subruta
1989 2472 2143 2515 unten
2193 2464 2375 2514 durch-

1330 2578 1349 2587 -
1369 2541 1597 2596 stossen,
1630 2533 1699 2583 ist
1721 2533 1964 2583 zun'achst
1985 2534 2076 2583 mit
2098 2533 2274 2585 multis
2298 2532 2376 2583 lo-

1368 2603 1458 2661 cis,
1484 2602 1583 2652 wie
1598 2602 1891 2669 prociderat
1912 2603 2006 2652 mit
2025 2617 2154 2670 pars
2181 2617 2245 2652 zu
2262 2617 2382 2652 ver-

1329 2679 1331 2682 ‘
1368 2670 1567 2733 binden,
1593 2669 1695 2734 vgl.
1724 2668 1812 2732 37,
1839 2668 1886 2733 6,
1918 2669 1972 2718 1,
2007 2670 2375 2721 multis—lo-

1368 2742 1442 2789 cis
1464 2753 1732 2788 murus—
1750 2737 1998 2788 decussas
2018 2743 2159 2800 παι,
2188 2736 2374 2800 33,17‚

1367 2806 1428 2867 9,
1451 2805 1532 2868 21,
1553 2806 1601 2870 8,
1624 2806 1678 2854 5:
1697 2806 2030 2871 feriebantur
2046 2810 2200 2870 muri,
2225 2820 2376 2869 quas-

1368 2877 1613 2956 sataeque
1632 2873 1824 2923 multae
1841 2878 2052 2941 partes5
2085 2873 2165 2937 32,
2197 2873 2274 2931 16,
2313 2873 2368 2921 11

1364 2943 1508 2992 muri
1524 2946 1727 3010 partem
1751 2955 1997 2991 eversam.
2042 2940 2118 2990 Αιι
2140 2948 2187 2989 ιἰ.
2211 2941 2284 2989 St.
2308 2941 2376 2990 ist

1365 3010 1469 3059 wol
1487 3024 1616 3087 pars
1638 3012 1778 3058 muri
1796 3008 1935 3058 nieht
1961 3024 2147 3059 murus
2179 3014 2373 3071 gesagt,

1364 3076 1483 3125 weil
1525 3077 1604 3125 ein
1646 3077 1863 3126 anderer
1895 3074 2042 3126 Theil
2070 3077 2163 3126 auf
2190 3077 2373 3126 andere

1367 3144 1547 3195 Weise
1591 3143 1837 3194 hestiirmt
1877 3145 2066 3196 warde.
2104 3172 2172 3181 —
2212 3146 2375 3196 ariete

1364 3213 1436 3263 ist
1475 3212 1713 3263 conectiv
1747 3227 1810 3263 zu
1846 3212 2073 3263 nehmen.
2108 3238 2177 3250 ·—-
2208 3218 2372 3281 apert.

1326 3290 1331 3291 ⁷
1362 3282 1541 3348 ruina,
1574 3281 1737 3331 durch
1772 3282 1851 3333 die
1887 3280 2103 3332 Bresche
2135 3283 2373 3346 geiiffnet,

1364 3320 2376 3432 s.‚2111‚5u.}3;i13.8‚:60aptum

1364 3418 1612 3486 oppidum
1636 3434 1697 3469 ea
1718 3421 1905 3478 atina,-
1928 3418 1992 3468 ib.
2022 3417 2100 3480 14,
2128 3419 2182 3469 2,
2211 3422 2373 3470 turris

1363 3487 1451 3538 diu
1500 3493 1762 3552 quassata
1821 3486 2123 3556 prociderat
2182 3503 2309 3555 perq
2280 3505 2374 3553 que

1362 3559 1571 3606 ruinam
1594 3557 1706 3606 eius
1741 3563 1867 3617 etc.3
1904 3555 2273 3618 ςεννόὶιιιίἰοὴθι·
2305 3557 2394 3622 ist·

1364 3624 1458 3672 der
1480 3622 1651 3673 Plural
1682 3626 1890 3687 ruinae,
1929 3639 1969 3672 s,
1997 3639 2040 3673 c.
2071 3621 2157 3684 17,
2193 3624 2251 3687 2,
2288 3624 2371 3688 35,

1365 3689 1508 3756 9,3;
1544 3690 1623 3753 33,
1655 3691 1733 3756 17,
1764 3691 1850 3753 13
1886 3690 1969 3753 42,
1995 3690 2206 3755 63‚eu.
2237 3708 2278 3742 s.
2305 3692 2397 3742 w.·

1365 3786 1433 3794 ——
1475 3775 1603 3824 quae
1642 3786 1711 3795 --
1749 3762 1803 3809 in
1842 3774 2015 3810 arcem
2055 3760 2222 3809 lassen
2266 3760 2372 3808 sich

1366 3827 1663 3876 schwerlich
1683 3824 1765 3878 'als
1790 3826 2072 3879 Atti-action
2105 3828 2369 3887 erkliiren3

1366 3895 1490 3944 auch
1524 3895 1593 3945 ist
1628 3896 1783 3946 durch
1820 3899 1981 3947 ariete
2021 3897 2119 3945 und
2153 3893 2375 3944 Romani

1367 3962 1686 4015 hinreichend
1706 3965 2015 4030 bezeichnen
2036 3962 2225 4012 welche
2238 3962 2372 4026 Burg

1367 4031 1587 4096 gemeint
1610 4033 1701 4098 sei,
1728 4048 1769 4085 s.
1788 4033 1818 4098 ξ
1838 4033 1887 4098 9,
1913 4033 2067 4083 dah‘er
2088 4030 2157 4080 ist
2176 4044 2239 4079 zu
2256 4045 2374 4081 ver-

2426 543 2486 592 12

2423 967 2483 1017 13

2424 1132 2488 1183 14

2426 1307 2486 1357 15

2425 1565 2487 1615 16
