2861 4550
252 396 293 427 ι.
313 385 396 428 ch.
421 387 517 427 200.
891 374 1084 431 LIBER
1108 374 1307 429 XXXI.
1357 376 1499 429 CAP.
1525 376 1608 428 36.
1636 376 1716 429 37.
2283 381 2366 443 67

249 534 430 589 testas
468 528 766 607 pugnandi
799 529 1070 603 dabatur,
1110 531 1245 609 quia
1275 551 1344 592 ex
1375 539 1497 593 tam
1526 532 1874 611 propinquis
1905 532 2127 594 stativis
2156 551 2362 612 parum

247 619 368 673 tuta
410 613 783 676 frumentatio
825 623 946 677 erat
985 616 1288 697 dispersos
1330 616 1546 681 milites
1582 635 1691 697 per
1726 636 1899 696 agros
1934 617 2229 698 equitibus
2261 638 2364 680 ex-

246 696 470 777 templo
493 698 805 774 invasuris,
827 710 960 763 octo
982 703 1101 763 fere
1124 702 1259 764 inde
1278 703 1455 776 milia,
1477 702 1778 767 intervallo
1801 702 2076 764 tutiorem
2103 704 2364 766 frumen-
2406 717 2439 767 6

247 782 529 845 tationem
561 783 883 860 habituruS,
913 799 1102 849 castra
1135 788 1205 849 ad
1234 786 1744 851 Ottolobum—id
1773 796 1864 850 est
1891 789 2022 849 loco
2050 806 2374 850 nomen-a

247 867 450 929 movit.
510 887 642 930 cum
685 870 745 931 in
782 873 1118 953 propinquo
1155 891 1296 952 agro
1327 874 1825 935 frumentarentur
1851 874 2128 947 Romani,
2167 874 2359 953 primo
2408 892 2435 941 7

245 971 347 1015 rex
388 952 541 1017 intra
587 955 796 1017 vallum
835 975 978 1019 suos
1017 960 1224 1032 tenuit,
1264 966 1332 1020 ut
1371 969 1658 1021 cresceret
1691 960 1870 1021 simul
1907 966 1967 1021 et
2002 959 2362 1037 neglegentia

246 1057 383 1101 cum
414 1039 650 1103 audacia
679 1042 855 1103 hosti.
913 1043 1013 1105 ubi
1041 1044 1264 1105 effusos
1292 1043 1454 1117 vidit,
1488 1062 1619 1105 eum
1654 1044 1815 1106 omni
1847 1046 2107 1124 equitatu
2131 1054 2192 1106 et
2223 1044 2363 1105 Cre·
2406 1057 2437 1107 8

243 1123 504 1186 tensium
532 1126 921 1202 auxiliaribus,
953 1139 1234 1209 quantum
1267 1129 1522 1208 equitem
1553 1129 1905 1192 velocissimi
1933 1130 2160 1210 pedites
2187 1148 2363 1190 cursu

243 1227 498 1289 aequare
535 1219 831 1290 poterant,
871 1213 1042 1276 citato
1084 1216 1382 1294 profectus
1421 1214 1650 1294 agmine
1689 1215 1842 1276 inter
1880 1223 2067 1278 castra
2095 1214 2361 1277 Romana

244 1303 303 1357 et
340 1296 796 1359 frumentatores
833 1300 1137 1362 constituit
1167 1300 1352 1379 signa.
1406 1300 1544 1361 inde
1574 1301 1758 1380 copiis
1794 1300 1996 1362 divisis
2026 1309 2254 1379 partem
2290 1301 2361 1361 ad
2404 1311 2435 1361 9

245 1382 678 1443 consectandos
715 1401 896 1463 vagos
933 1385 1386 1448 frumentatores
1427 1385 1623 1446 emisit
1661 1386 1795 1447 dato
1836 1385 2035 1464 signo,
2075 1402 2151 1446 ne
2186 1404 2361 1464 quem

245 1465 441 1528 vivum
467 1467 876 1547 relinquerent„
899 1489 1032 1533 oum
1063 1479 1228 1550 parte
1256 1471 1386 1550 ipse
1409 1470 1672 1531 substitit
1692 1471 2030 1550 itineraque,
2052 1469 2265 1550 quibus
2291 1471 2363 1531 ad

244 1559 436 1615 castra
465 1554 762 1615 recursuri
792 1555 1135 1620 videbantur
1174 1557 1394 1629 hostes,
1433 1555 1679 1618 obsedit.
1739 1556 1854 1616 iam
1896 1556 2121 1636 passim
2160 1555 2362 1617 caedes
2411 1568 2473 1618 10

247 1655 317 1699 ae
348 1637 484 1716 fuga
513 1648 654 1714 erat,
684 1641 934 1702 necdum
965 1642 1275 1721 quisquam
1305 1641 1367 1701 in
1398 1649 1583 1705 eastra
1616 1640 1883 1702 Romana
1913 1640 2153 1703 nuntius
2185 1640 2361 1701 cladis

244 1730 603 1800 pervenerat,
656 1725 788 1803 quia
836 1727 1185 1806 refugientes
1230 1727 1290 1787 in
1328 1726 1547 1805 regiam
1585 1726 1902 1799 ‚stationem
1941 1725 2269 1787 incidebant
2307 1733 2364 1785 et

249 1806 450 1884 plures
478 1808 548 1871 ab
572 1809 970 1874 obsidentibus
993 1813 1117 1874 vias
1143 1812 1413 1897 quamab
1438 1810 1671 1872 emissis
1693 1809 1766 1872 ad
1792 1811 2026 1873 caedem
2049 1809 2361 1872 interficie—
2411 1826 2464 1876 11

248 1889 478 1955 bantur.
544 1896 781 1957 tandem
821 1897 973 1959 inter
1018 1897 1238 1961 medias
1277 1896 1538 1959 hostium
1581 1896 1865 1959 stationes
1904 1896 2090 1976 elapsi
2125 1895 2360 1975 quidam

246 1976 459 2055 trepidi
486 1980 801 2043 tumultum
831 1983 1017 2062 magis
1046 2002 1221 2064 quam
1245 1991 1470 2045 certum
1493 1983 1765 2045 nuntium
1792 1980 2110 2043 intulerunt
2134 1981 2366 2043 castris?

247 2062 465 2125 Consul
495 2066 784 2144 equitibus
815 2068 1012 2143 iussis,
1045 2087 1159 2148 qua
1187 2068 1434 2147 quisque
1458 2075 1682 2147 posset,
1716 2085 1888 2146 opem
1914 2067 2066 2128 ferre
2086 2066 2361 2127 laboran-
2388 2073 2469 2136 37

245 2147 401 2211 tibus
431 2148 559 2230 ipse
586 2151 841 2230 legiones
872 2173 905 2215 e
935 2154 1141 2217 castris
1172 2153 1364 2216 educit
1393 2160 1453 2215 et
1473 2152 1703 2231 agmine
1727 2153 2008 2231 quadrato
2031 2153 2105 2214 ad
2127 2153 2362 2213 hostem

247 2233 425 2296 ducit.
480 2234 730 2318 dispersi
759 2239 979 2319 equites
1009 2258 1117 2319 per
1148 2257 1320 2317 agros
1350 2239 1589 2317 quidam
1619 2237 1959 2300 aberrarunt
1988 2236 2213 2319 decepti
2244 2238 2360 2301 cla-
2404 2253 2434 2304 2

244 2320 512 2382 moribus
559 2322 683 2383 aliis
723 2343 791 2384 ex
822 2323 933 2385 alio
974 2325 1356 2386 existentibus
1393 2325 1555 2397 loco,
1605 2342 1744 2404 pars
1787 2323 1993 2386 obvios
2032 2323 2362 2386 habuerunt

242 2404 451 2466 hostis,
507 2405 768 2486 pluribus
798 2408 943 2469 locis
976 2408 1150 2469 simul
1178 2425 1376 2487 pugna
1406 2408 1616 2487 coepit.
1669 2409 1827 2487 regia
1855 2410 2028 2471 statio
2056 2410 2353 2470 atrocissi-
2403 2429 2434 2479 3

236 2627 316 2639 -—-
332 2601 570 2667 propinq.
589 2604 653 2651 st.
674 2603 933 2652 entweder
949 2603 1105 2664 hosti,
1132 2602 1254 2652 oder

239 2683 303 2719 es
323 2667 397 2717 ist
418 2667 650 2733 reciprok
684 2685 747 2719 zu
779 2672 1012 2721 nehmen:
1047 2672 1109 2721 da
1142 2670 1250 2720 sein

239 2737 343 2786 und
368 2736 460 2786 der
482 2735 668 2788 Feinde
694 2736 860 2802 Lagei·
894 2739 998 2789 sich
1033 2754 1090 2789 so
1124 2740 1249 2789 nahe

239 2819 431 2854 waren.
457 2831 526 2841 ——
547 2807 835 2870 ἐπυαεανίε,
863 2823 903 2857 s.
928 2807 974 2872 4,
1006 2807 1082 2871 18,
1108 2807 1155 2858 6.
1182 2835 1249 2844 -

245 2871 476 2937 οΐέοῑοό.,
504 2889 560 2923 so
587 2875 716 2925 wird
742 2876 790 2925 in
809 2877 901 2925 der
923 2876 1101 2926 besten
1125 2877 1246 2927 Hds,

242 2956 288 2990 e.
322 2939 410 3007 40,
445 2941 499 3007 9,
532 2958 595 2993 on
629 2960 677 2993 u.
706 2942 780 2994 St.
812 2944 1118 2996 Attalobum
1159 2960 1249 3009 ge-

240 3008 532 3071 schrieben3
578 3009 989 3063 wahrscbeinlich
1035 3013 1118 3076 lag
1158 3014 1251 3063 der

241 3075 340 3127 Ort
361 3079 488 3128 noch
512 3080 561 3128 in
586 3078 880 3146 Lyncestis,
915 3082 1013 3132 und
1039 3082 1110 3131 ist
1130 3097 1248 3132 ver-

241 3144 479 3196 schieden
501 3162 601 3197 von
633 3148 744 3198 dem
767 3148 859 3211 44,
905 3148 962 3211 3,
996 3148 1027 3199 2
1062 3164 1124 3199 an
1158 3150 1250 3199 der

241 3211 618 3278 Siidostffrenze
643 3215 994 3267 Macedonicus
1018 3217 1252 3267 erwiihn-

241 3286 349 3330 ten.

312 3348 462 3401 7-9,
497 3351 654 3403 simul
676 3356 741 3414 et,
760 3354 822 3403 da
848 3354 1010 3404 nichts
1034 3368 1247 3404 vorans-

240 3417 362 3480 geht
382 3418 584 3468 worauf
601 3420 759 3472 simul
779 3426 833 3472 et
856 3421 1079 3485 bezogen
1113 3436 1248 3471 wer-

239 3485 336 3535 den
361 3484 573 3552 konnte,
597 3487 695 3537 wie
719 3503 782 3539 an
806 3490 940 3539 iibnl.
968 3489 1174 3554 Stellen,
1204 3504 1246 3539 s.

243 3552 367 3604 sall.
401 3552 441 3604 1.
477 3554 554 3620 25,
583 3556 632 3604 5.
681 3554 785 3607 cic.
809 3558 916 3608 Att.
946 3556 996 3623 1,
1027 3557 1078 3621 1,
1105 3557 1164 3620 4,
1191 3572 1246 3607 so

243 3621 314 3686 ist
351 3623 719 3689 anzunelunen,
767 3625 885 3675 dass
926 3640 984 3674 es
1024 3641 1120 3675 nur
1158 3626 1249 3676 des

241 3687 570 3741 Nacbdrucks
619 3707 795 3756 wegen
836 3708 930 3742 vor
972 3708 1089 3743 oum
1127 3692 1247 3743 aud.

242 3759 452 3821 gestellt
479 3759 570 3812 ist:
604 3760 832 3824 zugleich
860 3761 983 3810 auch
1000 3788 1071 3798 -
1089 3767 1245 3821 samt3

238 3826 330 3877 mit
350 3827 444 3877 der
466 3826 611 3878 einen
637 3828 862 3892 zugleicb
888 3829 1012 3878 auch
1040 3828 1121 3878 die
1152 3843 1248 3882 an—

238 3895 374 3963 dere,
398 3898 504 3961 vgl.
524 3896 571 3956 4,
593 3896 677 3961 48,
707 3897 795 3947 10:
821 3899 1061 3949 universo
1082 3896 1253 3948 ordini

240 3979 376 4084 m.
401 4017 472 4071 4—-
492 3967 717 4099 agra-tx.
732 3982 867 4099 ,3131ἰέ
885 4034 1067 4086 Parole
1079 3979 1248 4098 cgegmg:

1358 2601 1453 2652 ben
1479 2603 1630 2668 hatte,
1656 2604 1703 2664 5,
1732 2602 1811 2666 36,
1840 2605 1887 2654 7.

1429 2670 1667 2721 10—-11,
1703 2675 1803 2722 iam
1871 2689 1978 2726 ass.
2015 2680 2139 2737 etc„
2178 2674 2258 2723 die
2282 2674 2363 2724 si-

1355 2740 1549 2790 tuation
1586 2740 1684 2789 wie
1708 2739 1802 2804 25,
1872 2740 1927 2802 9,
1952 2741 2002 2791 5.
2019 2769 2096 2804 ‚—-
2119 2745 2171 2792 et
2188 2741 2365 2808 plures

1356 2807 1425 2857 ist
1459 2809 1549 2857 mit
1583 2811 1702 2873 quia
1732 2808 2048 2872 verbunden,
2088 2809 2211 2858 aber
2245 2808 2359 2858 kein

1356 2891 1513 2925 neuer
1547 2875 1745 2939 Grund‚
1788 2877 2003 2927 sondern
2048 2892 2143 2926 nur
2176 2876 2363 2926 niihere

1353 2944 1694 3006 Bestimmung
1746 2943 1836 2993 des
1895 2944 2363 3006 vorhergehenden:

1355 3012 1456 3073 und
1481 3026 1555 3060 so.
1582 3038 1648 3046 —-
1671 3014 1820 3076 inter,
1845 3010 2095 3061 zwischen
2121 3011 2290 3077 durch,
2317 3027 2361 3062 8.

1357 3078 1438 3138 32,
1466 3078 1516 3136 4,
1540 3077 1600 3139 2;
1626 3076 1709 3138 24,
1736 3077 1818 3144 41,
1843 3078 1890 3128 9.

1425 3136 1532 3198 37.
1590 3145 1751 3195 1-3,
1822 3161 1944 3212 qua,
1992 3147 2083 3198 auf
2120 3149 2363 3199 welcbem

1355 3213 1553 3278 wege,
1598 3215 1715 3280 wie,
1759 3215 1887 3266 ohne
1922 3214 2205 3267 bestimmte
2241 3217 2361 3268 Lei-

1355 3288 1481 3347 tung
1503 3283 1602 3333 und
1628 3282 1890 3347 ordnung,
1917 3284 2016 3348 vgl.
2039 3284 2090 3345 8,
2115 3284 2197 3349 36,
2223 3285 2283 3346 9;
2311 3285 2360 3348 4,

1355 3350 1439 3416 39,
1464 3351 1495 3400 2
1513 3368 1563 3403 u.
1583 3365 1631 3402 a.
1649 3378 1719 3390 —-
1735 3351 2033 3405 labormtib.
2054 3368 2100 3401 n.
2118 3353 2365 3418 frumen-

1357 3421 1628 3471 tatoribus.
1646 3446 1716 3457 —·
1730 3422 1939 3486 ag-rm‘ne
1955 3438 2018 3487 q„
2039 3420 2087 3470 in
2106 3420 2364 3474 Scblaeht-

1357 3489 1597 3552 ordnung,
1618 3488 1741 3538 oder
1760 3504 1834 3552 so,
1854 3489 1971 3539 dass
1990 3488 2128 3538 ‹liese
2141 3489 2362 3553 sogleich

1354 3556 1580 3618 gebildet
1619 3556 1720 3606 und
1761 3557 1881 3606 nach
1909 3556 2059 3620 jeder
2092 3555 2229 3608 Seite
2270 3573 2361 3620 ge-

1355 3625 1543 3674 ricbtet
1560 3624 1762 3674 werden
1782 3623 1932 3687 kann,
1961 3639 2002 3674 s.
2015 3623 2062 3685 2,
2074 3623 2194 3687 6,6;
2216 3625 2360 3689 21‚5,

1356 3691 1414 3752 ὃς
1463 3692 1547 3756 10,
1587 3691 1675 3754 14,
1720 3692 1767 3741 7.
1799 3718 1866 3727 —
1901 3692 2108 3756 quidam
2136 3719 2207 3730 —
2234 3709 2363 3761 pars

1355 3758 1726 3822 naebtriiglicbe
1770 3758 2090 3823 Eintbeilung
2142 3776 2238 3809 von
2284 3759 2361 3810 di-

1353 3829 1528 3893 sparsi
1655 3827 1761 3891 'tes,
1781 3828 1883 3891 vgl.
1909 3826 1993 3890 29,
2018 3828 2066 3889 3,
2089 3828 2177 3889 14;
2203 3828 2286 3890 28,
2313 3826 2361 3885 3,

1355 3895 1412 3955 73
1441 3891 1523 3955 26,
1549 3892 1579 3942 3
1619 3931 1634 3958 ,
1661 3892 1718 3956 8;
1747 3896 1864 3946 dass
1887 3898 2014 3946 auch
2033 3896 2113 3946 die
2131 3895 2222 3944 mit
2235 3910 2363 3961 pars

1355 3961 1711 4014 bezeichneten
1736 3964 1876 4014 nicht
1892 3964 1992 4013 alle
2011 3962 2238 4024 zugleich
2262 3963 2361 4012 und

1352 4045 1416 4081 an
1443 4030 1606 4083 einem
1632 4029 1756 4080 Orte
1779 4033 2065 4095 anlangten,
2090 4029 2226 4092 zeigt
2245 4028 2362 4097 plu-

1932 4114 1957 4140 *

1890 4115 1919 4162 5
