2861 4550
510 327 634 390 306
1175 322 1370 376 LIBER
1402 323 1649 379 XXXIV.
1702 322 1847 376 CAP.
1873 322 1957 376 31.
2406 349 2447 380 ιι.
2467 280 2512 378 ιι.
2534 337 2640 389 559.

509 498 648 543 nam
676 487 733 540 et
759 478 907 558 ipsis
933 479 1277 543 vocantibus
1321 497 1389 540 ac
1423 478 1790 541 tradentibus
1831 476 2039 539 urbem
2079 496 2207 539 eam
2247 477 2469 559 accepi,
2504 496 2641 540 non

511 564 814 644 occupavi3
855 573 913 625 et
940 563 1136 644 accepi
1169 564 1374 626 urbem
1404 583 1543 649 cum
1569 562 1829 643 Philippi
1857 563 2141 643 partium,
2177 580 2301 627 non
2341 563 2403 625 in
2439 572 2641 627 vestra

360 667 366 671 ’
436 667 467 718 8
510 651 784 712 societate
820 659 994 711 esset.
1052 658 1284 729 tempus
1324 658 1519 712 autem
1561 669 1631 711 eo
1671 669 1769 713 me
1804 649 2033 724 liberat,
2073 651 2232 729 quod
2275 668 2409 711 cum
2439 649 2639 728 Argos

507 736 811 811 haberem,
841 737 1089 797 societas
1119 736 1267 803 mihi
1296 736 1599 800 vobiscum
1631 734 1931 809 convenit;
1961 742 2017 797 et
2048 743 2111 796 ut
2140 734 2310 798 vobis
2338 733 2638 797 mitterem

511 823 586 884 ad
615 822 829 883 bellum
860 820 1085 896 auxilia,
1114 838 1238 885 non
1268 829 1335 882 ut
1355 821 1528 900 Argis
1551 820 1909 901 praesidium
1931 821 2282 882 deducerem
2305 820 2640 900 pepigistis,

439 922 469 971 9
512 914 572 971 at
600 907 837 970 hercule
867 907 928 975 in
958 926 1023 971 ea
1056 906 1646 988 controversia‚.quae
1678 904 1944 985 deArgis
1977 912 2084 980 est,
2114 905 2389 986 superior
2417 913 2643 971 sumet

509 993 796 1073 aequitate
815 992 922 1065 rei,
946 993 1104 1071 quod
1131 1011 1254 1053 non
1275 1000 1528 1054 vestram
1555 992 1776 1066 urbem,
1801 989 1904 1052 sed
1928 990 2214 1067 hostium,
2246 991 2404 1071 quod
2430 991 2638 1052 volen-
2696 1032 2703 1037 -

404 1088 467 1139 10
508 1086 645 1153 tem,
674 1096 799 1139 non
829 1078 884 1137 vi
913 1085 1176 1139 coactam
1207 1078 1424 1157 accepi,
1455 1086 1515 1139 et
1540 1086 1731 1139 vestra
1760 1076 2165 1153 confessione,
2197 1077 2359 1156 quod
2390 1077 2451 1137 in
2484 1095 2640 1143 con-

407 1175 463 1224 11
512 1163 843 1242 dicionibus
874 1162 1166 1224 societatis
1197 1164 1386 1242 Argos
1416 1163 1559 1224 mihi
1598 1163 1945 1242 reliquistis:
1988 1173 2246 1224 ceterum
2282 1180 2503 1223 nomen
2538 1171 2636 1242 ty-

510 1248 680 1310 ranni
710 1257 768 1309 et
794 1250 941 1308 faeta
971 1266 1066 1311 me
1096 1256 1387 1328 premunt,
1416 1250 1574 1328 quod
1600 1267 1805 1310 servos
1828 1248 1897 1309 ad
1922 1249 2250 1310 libertatem
2273 1252 2442 1322 voco,
2472 1249 2638 1328 quod

406 1346 467 1396 12
508 1334 571 1394 in
602 1352 775 1412 agros
799 1333 1034 1413 inopem
1058 1333 1292 1413 plebem
1315 1334 1561 1396 deduco.
1609 1335 1680 1396 de
1700 1334 1938 1395 nomine
1959 1334 2077 1395 hoc
2097 1335 2462 1414 respondere
2485 1352 2638 1413 pos-

509 1438 664 1493 sum,
692 1438 802 1493 me,
832 1418 1252 1499 qualiscunque
1283 1439 1435 1495 sum,
1465 1439 1601 1493 eum
1631 1439 1780 1493 esse,
1812 1420 1911 1498 qui
1944 1419 2053 1494 sui,
2083 1438 2218 1480 cum
2249 1428 2315 1481 tu
2342 1419 2471 1498 ipse
2498 1438 2637 1480 me-

409 1520 468 1570 13
512 1524 663 1579 cum,
696 1505 763 1565 T.
796 1504 1051 1579 Quincti,
1081 1505 1413 1566 societatem
1447 1505 1736 1584 pepigisti.
1782 1512 1906 1565 tum
1939 1524 2035 1566 me
2063 1520 2261 1584 regem
2290 1504 2570 1584 appellari
2603 1524 2639 1566 a

508 1590 678 1654 vobis
709 1589 973 1664 memini,
1004 1609 1163 1657 nunc
1188 1599 1501 1670 tyrannum
1533 1590 1728 1651 vocari
1749 1588 1938 1650 video.
1984 1590 2176 1669 itaque
2206 1590 2256 1651 si
2279 1608 2387 1668 ego
2411 1607 2638 1651 nomen

505 1676 734 1756 imperii
779 1684 1136 1747 mutassem,
1180 1675 1324 1737 mihi
1364 1694 1529 1736 meae
1566 1675 2010 1749 inconstantiae,
2050 1694 2184 1736 cum
2222 1694 2330 1736 vos
2371 1675 2633 1748 mutetis,

404 1774 467 1825 14
507 1761 674 1823 vobis
718 1770 945 1823 vestrae
987 1761 1276 1823 reddenda
1315 1760 1464 1822 ratio
1504 1769 1612 1822 est.
1666 1761 1827 1840 quod
1866 1762 1937 1822 ad
1977 1759 2407 1822 multitudinem
2444 1762 2633 1823 servis

505 1846 819 1908 liberandis
863 1853 1091 1911 auctam
1136 1854 1194 1906 et
1233 1845 1536 1925 egentibus
1577 1844 1827 1907 divisum
1867 1864 2069 1925 agrum
2111 1846 2335 1921 attinet,
2374 1865 2632 1925 possum

403 1945 463 1994 15
507 1932 748 2012 quidem
770 1940 830 1992 et
851 1931 913 1993 in
935 1932 1053 1993 hoc
1077 1951 1170 1992 me
1192 1930 1319 1994 iure
1343 1931 1623 2013 temporis
1650 1931 1847 1994 tutari:
1880 1931 1999 1994 iam
2024 1934 2272 1993 feceram
2295 1932 2455 2005 haec,
2480 1950 2634 2011 qua-

505 2018 837 2096 liacumque
873 2024 1042 2090 sunt,
1082 2035 1217 2077 cum
1263 2017 1601 2078 societatem
1640 2035 1874 2078 mecum
1912 2017 2216 2097 pepigistis
2246 2025 2304 2077 et
2332 2017 2539 2078 auxilia
2568 2017 2633 2078 in

407 2118 468 2168 16
508 2102 659 2163 bello
705 2102 986 2162 adversus
1029 2101 1365 2182 Philippum
1414 2102 1738 2182 accepistis.
1797 2102 1900 2163 sed
1944 2102 1994 2163 si
2032 2120 2191 2163 nunc
2227 2121 2291 2163 ea
2337 2102 2632 2175 fecissem,

506 2203 631 2247 non
663 2186 814 2260 dico,
849 2186 986 2265 quid
1017 2186 1076 2247 in
1108 2206 1177 2246 eo
1209 2205 1318 2248 vos
1348 2187 1648 2250 laesissem
1682 2196 1780 2248 aut
1808 2197 2058 2249 vestram
2083 2187 2391 2251 amicitiam
2416 2188 2633 2250 violas-

403 2286 463 2336 17
508 2267 681 2337 sem?
714 2270 816 2334 sed
846 2270 1005 2346 illud,
1036 2291 1133 2334 me
1162 2291 1331 2342 more
1363 2283 1533 2355 atque
1560 2274 1829 2336 instituto
1859 2274 2151 2336 maiorum
2182 2273 2407 2338 fecisse.
2451 2273 2634 2337 nolite

483 2359 576 2422 ad
587 2369 816 2421 vestras
834 2359 992 2437 leges
1015 2368 1189 2437 atque
1210 2359 1473 2422 instituta
1496 2359 1723 2439 exigere
1738 2379 1828 2435 ea,
1847 2360 2443 2440 quaeLacedaemone
2461 2362 2632 2422 fiunt.

1621 2551 1702 2602 13.
1725 2579 1796 2589 —-—
1815 2558 2077 2620 premunt,
2111 2569 2152 2604 3.
2178 2552 2236 2618 3,
2274 2551 2361 2616 13,
2401 2553 2445 2605 1.
2469 2581 2540 2591 -
2558 2554 2634 2606 ad

1617 2620 1701 2671 lib.
1725 2637 1855 2686 voc„
1887 2637 1928 2671 s.
1963 2620 2022 2684 3,
2061 2622 2147 2686 15,
2183 2622 2231 2673 9.
2262 2649 2333 2659 ——
2359 2625 2416 2672 in

1618 2696 1717 2739 etc.
1740 2690 1836 2739 wie
1861 2690 1940 2740 die
1965 2693 2091 2742 ro'm.
2117 2690 2417 2754 Colonieen,
2441 2706 2470 2740 e
2537 2707 2630 2742 uso

1618 2755 1756 2822 514:
1781 2760 2050 2823 egentibus
2067 2758 2305 2822 divisum,
2324 2774 2366 2808 s.
2383 2758 2426 2824 1,
2436 2759 2521 2821 47,
2537 2759 2626 2820 123

1619 2823 1674 2890 6,
1700 2824 1792 2888 36,
1830 2825 1920 2886 11;
1957 2826 2045 2888 31,
2072 2827 2128 2888 4,
2155 2827 2201 2877 2.
2225 2842 2517 2892 -νοὲσηι,
2541 2827 2629 2891 31,

1622 2891 1700 2957 11,
1732 2892 1811 2954 14,
1835 2894 1938 2956 vgl.
1965 2893 2046 2956 27,
2078 2895 2166 2958 19,
2200 2895 2248 2945 4.
2273 2922 2343 2932 -
2364 2896 2629 2964 appellari,

1621 2958 1678 3010 Z.
1708 2960 1736 3025 ξ
1763 2959 1878 3011 589.
1903 2989 1973 2999 -—
1996 2962 2153 3024 viden,
2179 2963 2282 3027 vgl.
2310 2962 2436 3013 San.
2462 2963 2516 3015 C.
2543 2964 2629 3027 40,

1621 3027 1667 3078 3:
1711 3028 1852 3080 videt
1883 3030 1994 3081 illos
2027 3033 2200 3096 queri,
2248 3030 2351 3081 Cic.
2386 3032 2539 3082 Arcb.
2576 3031 2628 3094 8,

1625 3096 1713 3147 18:
1737 3098 1871 3148 hunc
1891 3098 1996 3149 vidi
2009 3125 2077 3135 ·—
2101 3098 2267 3150 dicere
2289 3116 2361 3150 ex
2383 3104 2628 3169 tempore,

1618 3165 1720 3229 vgl.
1746 3164 1804 3216 L.
1832 3165 1877 3226 6,
1902 3166 1985 3228 25,
2011 3166 2069 3228 9;
2098 3166 2179 3231 33,
2202 3167 2288 3231 32,
2314 3167 2364 3218 2.

1693 3231 1923 3284 14—17.
1976 3234 2252 3287 liberandis
2291 3258 2362 3279 =
2400 3253 2459 3288 eo
2493 3235 2630 3302 quod

1618 3300 1919 3364 liberabam,
1948 3302 2049 3366 vgl.
2070 3320 2113 3353 c.
2136 3302 2217 3365 32,
2236 3304 2291 3354 9:
2313 3309 2627 3367 vocatorum,

1616 3370 1743 3419 auch
1768 3385 1831 3420 an
1851 3387 1900 3420 u.
1919 3370 1996 3420 St.
2017 3372 2102 3421 bat
2121 3373 2231 3421 eine
2251 3372 2340 3422 Hs.
2364 3373 2625 3434 liberatis,-

497 2551 549 2602 iu
584 2549 769 2600 Schutz
796 2552 1019 2614 nehmen,
1046 2550 1129 2615 24,
1159 2550 1204 2616 1,
1225 2550 1255 2601 8
1274 2580 1343 2591 -
1364 2553 1512 2619 ipsis,

501 2635 543 2672 s·
568 2617 651 2683 31,
682 2617 759 2684 16,
786 2621 842 2681 53
866 2619 978 2683 vgl.
1004 2617 1084 2685 32,
1110 2619 1192 2684 38,
1216 2620 1265 2671 4.
1291 2647 1361 2657 -
1387 2626 1516 2671 tem-

495 2687 1294 2823 t¹¹35211¹i53223²2235¹t35553
1306 2688 1429 2806 -Xss’
1452 2687 1512 2808 δ’

600 2793 611 2804 .
1065 2807 1068 2808 ⁷
1303 2794 1317 2818 ‚
1405 2794 1417 2806 .

501 2823 529 2873 3
572 2823 655 2885 25,
681 2824 735 2875 2:
760 2827 811 2874 si
831 2829 1059 2893 tempore
1075 2829 1215 2876 esset
1230 2794 1513 2887 liberatus}

496 2862 771 2955 ixxxn,
784 2891 833 2955 8,
846 2891 894 2956 3,
912 2892 936 2941 1
951 2907 1072 2957 u.a.‚
1101 2908 1214 2944 zum
1238 2891 1510 2944 Gedanken

497 2960 601 3025 vgl.
630 2961 731 3011 Cic.
760 2961 869 3025 Lig.
895 2961 954 3023 2,
990 2961 1040 3010 4.
1063 2987 1133 2997 -
1163 2962 1403 3020 haberem
1425 2962 1514 3010 bat

496 3030 591 3080 11311
613 3029 930 3092 Nachdruck,
954 3044 1011 3078 so
1039 3030 1155 3080 dass
1180 3030 1317 3079 nicht
1341 3029 1516 3092 notbig

497 3098 567 3147 ist
582 3101 689 3148 iam
707 3099 832 3148 nach
851 3098 943 3147 der
954 3095 1134 3146 Mainz.
1160 3097 1245 3147 Hs.
1267 3098 1512 3147 hinzuzu—

495 3163 667 3228 fiigen.
691 3193 760 3202 —
782 3166 979 3227 societ„
1003 3163 1036 3229 ξ
1061 3165 1109 3214 5.

566 3230 771 3282 9—13.
805 3236 866 3282 at
893 3232 1059 3295 kere„
1084 3247 1128 3281 3.
1155 3230 1275 3282 Tac.
1304 3232 1435 3282 Ann.
1462 3230 1510 3293 3,

499 3298 582 3362 543
614 3299 657 3365 l,
683 3299 714 3349 3
738 3316 788 3348 n.
813 3315 887 3359 a.,
924 3314 979 3348 es
1012 3299 1139 3349 wird
1181 3300 1273 3349 der
1308 3299 1341 3365 ξ
1379 3299 1510 3349 7--8

498 3368 931 3434 ausgesprocbene
944 3365 1180 3417 Gedanke
1196 3368 1375 3417 weiter
1390 3382 1511 3418 aus-

498 3435 700 3497 gefuhrt
719 3436 817 3485 und
836 3433 1099 3486 scheinbar
1109 3436 1511 3499 eingeriiumtum

497 3504 586 3553 mit
610 3508 851 3568 ceterum,
880 3505 972 3553 wie
999 3504 1078 3554 bei
1103 3504 1296 3568 Cicero,
1322 3519 1363 3553 3.
1386 3503 1509 3554 Cato

497 3586 561 3621 m.
591 3571 670 3633 18,
699 3571 1013 3637 65314,47;
1049 3572 1138 3624 Or.
1168 3572 1218 3636 9,
1249 3569 1339 3632 31;
1367 3570 1511 3623 Fam.

498 3638 548 3703 9,
573 3638 619 3705 6,
641 3639 674 3688 4
698 3656 746 3690 u.
772 3655 840 3703 a.,
866 3642 1010 3691 einen
1035 3642 1253 3691 anderen
1280 3640 1516 3694 Einwurf

498 3708 788 3774 gegeniiber
812 3724 875 3757 zu
899 3709 1081 3759 stellen
1105 3709 1204 3762 und
1223 3708 1505 3772 gleichfalls

1618 3435 1744 3487 iiber
1764 3439 1854 3487 das
1875 3435 2155 3490 Vei-fabren
2180 3441 2270 3490 des
2295 3439 2451 3492 Nabis
2475 3457 2517 3493 3.
2543 3440 2627 3503 38,

1617 3503 1709 3568 3-1,
1734 3505 1920 3570 2332,
1947 3506 2037 3571 38,
2073 3508 2134 3571 9;
2170 3507 2348 3574 Polyb.
2380 3509 2468 3570 13,
2507 3508 2624 3572 6ff.;

1621 3572 1698 3636 16,
1729 3572 1818 3634 133
1857 3574 2000 3625 Diod.
2024 3574 2117 3639 27,
2153 3576 2199 3625 1.
2222 3604 2292 3614 -—
2314 3580 2429 3628 iure
2452 3583 2625 3646 temp„

1616 3655 1656 3690 3.
1682 3657 1748 3690 zu
1771 3640 1805 3706 ᾗ
1831 3640 1878 3692 8.
1903 3670 1968 3678 -
1992 3644 2267 3709 viuncsee„
2293 3646 2455 3696 selbst
2477 3662 2627 3696 wenn

1615 3708 1691 3759 ich
1732 3708 1894 3773 jetzt,
1943 3712 2181 3762 nacbdem
2221 3713 2313 3762 der
2352 3714 2490 3765 Bund
2533 3729 2626 3777 ge·

496 3777 573 3828 als
594 3776 823 3842 ungiiltig
841 3792 904 3827 zu
915 3776 1241 3839 bezeichnen3
1263 3777 1354 3827 der
1365 3784 1504 3827 erste
1612 3773 1869 3828 schlossen
1891 3779 1975 3844 131,
2001 3780 2167 3831 dieses
2186 3781 2448 3833 vollendet
2465 3783 2622 3833 1111113.

497 3845 618 3898 Satz
653 3847 722 3898 ist
755 3847 881 3896 ohne
915 3845 1217 3909 Andeutung
1250 3846 1341 3895 des
1383 3862 1506 3896 cou-

494 3984 707 4047 parallel
728 3982 963 4048 gestent,
989 3997 1033 4033 3.
1059 3998 1103 4032 c.
1132 3979 1217 4044 23,
1246 3982 1306 4044 73
1341 3980 1389 4044 6,
1415 3979 1498 4046 38,

1609 3871 1678 3883 --
1699 3862 1801 3897 non
1824 3845 1961 3913 dico,
1995 3863 2036 3898 3.
2064 3848 2155 3911 24,
2181 3846 2238 3912 8,
2278 3848 2359 3900 15.
2384 3877 2455 3888 —
2478 3865 2628 3901 more

496 3916 724 3966 cessiven
743 3914 1125 3966 Verhiiltnisses
1150 3914 1260 3964 dem
1283 3915 1503 3964 zweiten
1608 3930 1659 3965 a.
1691 3917 1783 3978 in„
1820 3915 1917 3966 wie
1952 3916 2018 3966 im
2041 3915 2189 3979 Folg.

1607 3981 1710 4045 vgl.
1744 3982 1835 4049 24,
1860 3981 1914 4049 3,
1940 3984 2025 4034 12.
2059 4011 2130 4024 --
2160 3987 2401 4053 exigere,
2438 3987 2544 4051 vsi.
2575 3985 2627 4054 6,

2223 3916 2625 3984 ²⁶8oede
