2861 4550
1207 323 1402 377 LIBER
1422 321 1646 377 XXXII.
1703 321 1848 374 CAP.
1874 321 1958 374 39.
2426 349 2470 380 ι.
2487 350 2533 381 u.
2548 339 2665 382 557.

529 330 654 391 170·

415 483 497 545 39
691 482 1011 561 Postquam
1057 481 1120 543 in
1167 487 1458 561 potestate
1497 479 1843 558 Argivorum
1890 477 2091 540 civitas
2130 488 2284 553 erat,
2332 479 2476 542 nihil
2517 480 2662 544 eius

521 585 751 628 memor
789 575 1093 648 tyrannuS,
1133 585 1166 628 a
1208 585 1325 647 quo
1366 585 1496 628 eam
1533 564 1821 627 civitatem
1851 570 1909 625 et
1936 564 2000 627 in
2029 583 2205 645 quam
2234 564 2662 628 condicionem

448 666 479 715 2
524 652 869 733 accepisset,
898 654 1118 731 legatos
1148 653 1402 715 Elateam
1435 652 1506 712 ad
1538 649 1875 726 Quinctium
1905 659 1962 711 et
1991 651 2243 713 Attalum
2272 650 2526 730 Aeginae
2553 651 2660 714 hi-

520 739 864 800 bernantem
892 738 1092 809 mittit,
1132 738 1230 819 qui
1261 738 1592 800 nuntiarent
1613 736 1802 816 Argos
1833 736 1893 797 in
1923 744 2213 816 potestate
2243 754 2350 800 sua
2377 756 2543 799 esse:
2575 757 2656 799 eo

524 824 573 885 si
604 824 823 885 veniret
848 823 1153 898 Quinctius
1181 824 1251 885 ad
1283 823 1658 903 colloquium,
1688 839 1813 883 non
1844 820 2105 886 diffidere
2136 822 2248 884 sibi
2278 822 2476 885 omnia
2508 842 2653 884 cum

448 925 478 973 3
522 929 592 971 eo
633 917 1005 971 conventura.
1077 909 1412 984 Quinctiae,
1463 917 1529 971 ut
1575 927 1646 970 eo
1696 925 1932 988 quoque
1976 908 2265 987 praesidio
2304 907 2653 988 Philippum

519 995 788 1070 nudaret,
827 1014 959 1056 cum
1000 993 1300 1057 adnuisset
1339 1014 1405 1057 se
1447 1002 1786 1067 venturum,
1825 992 2005 1055 mittit
2041 994 2115 1055 ad
2145 994 2432 1069 Attalum,
2466 1001 2535 1055 ut
2573 994 2653 1056 ab

446 1094 477 1143 4
518 1082 734 1161 Aegina
766 1080 1074 1161 Sicyonem
1116 1080 1226 1142 sibi
1269 1088 1625 1155 occurreret3
1663 1080 1794 1159 ipse
1832 1077 1905 1139 ab
1933 1078 2203 1161 Anticyra
2233 1079 2435 1142 decem
2467 1079 2651 1161 quin-

523 1166 1111 1247 queremibuS,.quas
1152 1166 1222 1228 iis
1262 1168 1415 1228 sorte
1453 1166 1597 1245 ipsis
1639 1163 1843 1226 diebus
1873 1163 1937 1225 L.
1969 1161 2277 1238 Quinctius
2313 1166 2492 1227 frater
2520 1164 2651 1228 eius

446 1272 475 1319 5
519 1253 838 1314 adduxerat
875 1271 945 1313 ex
975 1251 1234 1314 hibernis
1266 1251 1578 1333 Corcyrae,
1618 1251 1930 1331 Sicyonem
1957 1250 2225 1313 tramisit.
2282 1250 2398 1312 iam
2430 1251 2510 1314 ibi
2538 1252 2651 1314 At-

517 1338 668 1400 talus
700 1346 849 1413 erat3
879 1337 979 1417 qui
1011 1355 1144 1398 cum
1175 1347 1420 1417 tyranno
1453 1337 1524 1400 ad
1548 1337 1881 1398 Romanum
1910 1335 2344 1416 imperatorem,
2372 1355 2500 1400 non
2517 1337 2648 1399 Ro-

518 1443 693 1486 mano
737 1425 809 1486 ad
848 1433 1159 1503 tyrannum
1201 1423 1460 1485 eundum
1497 1422 1739 1495 diceret,
1780 1422 1842 1486 in
1872 1422 2218 1484 sententiam
2250 1440 2419 1484 suam
2450 1422 2646 1498 Quin-

444 1524 474 1572 6
517 1510 695 1572 ctium
727 1508 996 1582 traduxit,
1029 1526 1103 1569 ne
1130 1509 1193 1570 in
1223 1508 1433 1571 urbem
1462 1509 1651 1588 ipsam
1677 1508 1867 1586 Argos
1897 1506 2024 1568 iret.
2083 1507 2241 1569 haud
2269 1509 2478 1589 procul
2500 1506 2647 1574 urbe

446 1608 473 1656 7
514 1595 803 1676 Mycenica
832 1603 1102 1656 vocatur:
1135 1594 1192 1656 in
1223 1614 1292 1656 eo
1322 1595 1453 1656 loco
1484 1603 1549 1656 ut
1579 1593 2075 1672 congrederentur
2101 1594 2387 1656 convenit.
2449 1593 2644 1669 Quin·

515 1681 664 1743 otius
704 1700 839 1745 cum
882 1681 1059 1742 fratre
1098 1688 1156 1742 et
1191 1680 1447 1743 tribunis
1481 1675 1729 1741 militum
1769 1678 1998 1759 pauciS,
2036 1677 2266 1742 Attalus
2303 1697 2438 1742 cum
2478 1680 2643 1761 regio

583 1937 689 1999 39.
731 1948 897 1999 1-5.
950 1952 1007 2000 in
1027 1952 1239 2017 potest„
1263 1949 1382 2000 dass
1409 1946 1521 2002 Na·

515 2017 647 2069 hidis
677 2033 742 2068 zu
766 2017 960 2068 denken
993 2018 1094 2081 sei,
1132 2019 1271 2082 zeigt
1301 2019 1393 2070 der
1415 2017 1522 2069 Zu-

515 2088 876 2151 sammenhang.
902 2114 972 2124 -
1000 2089 1053 2135 in
1082 2091 1267 2165 potest.
1295 2104 1364 2148 s„
1403 2087 1520 2137 dass

513 2170 572 2204 er
606 2154 732 2205 iiber
764 2153 826 2205 A.
860 2170 923 2204 zu
955 2152 1223 2218 verf’ugen,
1257 2155 1337 2205 die
1374 2154 1522 2207 stadt

497 2224 639 2275 *alles
681 2221 841 2273 Recht
887 2223 977 2273 der
1019 2221 1522 2288 Selbstbestimmung

512 2294 748 2344 verloren
768 2292 910 2352 habe,
937 2308 978 2342 ε,
1002 2292 1048 2354 7,
1069 2291 1151 2356 31,
1173 2291 1231 2355 33
1258 2292 1304 2357 8,
1329 2293 1407 2357 19,
1432 2293 1519 2344 12:

513 2361 602 2425 37,
629 2359 838 2423 54,11;
873 2360 968 2426 45,
991 2359 1047 2424 6,
1079 2359 1168 2422 123
1196 2360 1287 2425 42,
1311 2361 1524 2424 47,10:

1627 1950 1719 2017 qm·
1740 1947 1814 2000 M.
1837 1963 1946 2000 voc.
1967 1985 1983 2012 ,
2014 1948 2140 1999 doch
2163 1947 2331 2000 findet
2358 1948 2466 2000 sich
2496 1958 2645 2000 sonet

1630 2017 1767 2068 nicht
1789 2017 1945 2069 leicht
1965 2016 2057 2067 der
2079 2016 2236 2069 Name
2269 2018 2395 2068 ohne
2420 2019 2517 2069 den
2542 2017 2645 2069 Ge-

1628 2086 1888 2151 genstand,
1915 2086 2006 2135 der
2029 2085 2302 2136 denselhen
2328 2087 2428 2152 hat,
2454 2085 2537 2150 34,
2557 2085 2642 2152 52,

1630 2154 1687 2219 6,
1730 2158 1977 2221 quattuor
2017 2154 2161 2205 mitia
2199 2156 2525 2206 Atticorum:
2566 2158 2643 2205 te-

1630 2224 1861 2275 trachma
1892 2227 2074 2274 vocant
2093 2223 2223 2274 liisst
2247 2223 2353 2274 sich
2375 2223 2532 2274 leicht
2552 2239 2643 2275 eos

1629 2293 1909 2357 ergiinzen3
1934 2292 2170 2344 unsicher
2193 2293 2261 2344 ist
2284 2291 2368 2357 25,
2392 2292 2475 2356 41,
2502 2291 2534 2342 6
2550 2293 2641 2344 das

1634 2362 1864 2413 iihnliche
1874 2360 2643 2429 haudmagnicertambiisfuit,

510 2433 563 2480 in
578 2432 832 2498 potestate
846 2429 1066 2487 Imber-e,-
1089 2428 1137 2492 2,
1169 2429 1247 2491 14,
1272 2430 1329 2480 4:
1353 2434 1406 2482 in
1424 2446 1524 2500 po-

514 2501 753 2548 testatem
775 2496 997 2560 esse36,
1030 2496 1115 2556 10,
1144 2494 1201 2558 33
1228 2496 1322 2561 31,
1346 2499 1440 2561 45,
1464 2498 1522 2549 4:

511 2569 958 2698 matti&
993 2566 1523 2686 &aamffiaz’mffltz

515 2703 621 2752 hier
655 2704 830 2753 deutet
861 2702 919 2752 L.
949 2702 1045 2750 den
1079 2700 1202 2751 Plan
1236 2703 1325 2753 des
1363 2702 1520 2769 Quin-

511 2771 641 2822 ctius
664 2787 755 2836 an,
780 2770 907 2821 Phil.
933 2769 1120 2821 vorher
1142 2769 1273 2820 aller
1295 2772 1522 2824 Bundcs-

509 2855 759 2903 genossen
785 2855 850 2888 zu
875 2838 1146 2904 berenhem
1171 2839 1300 2889 daun
1325 2841 1405 2890 ihn
1430 2856 1519 2891 an·

511 2907 786 2972 zugreifen.
861 2908 1028 2958 Durch
1095 2907 1372 2960 denselhen
1430 2909 1520 2959 be-

510 2978 701 3028 stimmt
726 2976 1052 3028 entschliesst
1084 2992 1143 3027 er
1166 2977 1271 3027 sich
1294 2978 1386 3029 mit
1409 2979 1521 3028 dem

509 3047 877 3096 schlechtesten
906 3047 998 3096 der
1013 3044 1283 3112 Tyrannen
1315 3047 1362 3097 in
1384 3047 1519 3099 Ver-

506 3114 725 3177 bindung
753 3131 816 3163 zu
842 3122 1026 3176 treten‚
1061 3115 1159 3164 und
1188 3114 1361 3165 wiirde
1391 3116 1519 3165 ohne

510 3181 712 3231 Attalus
734 3181 1055 3245 Erinnerung
1083 3182 1244 3232 selhst
1272 3185 1397 3234 nach
1417 3184 1521 3235 Ar-

507 3264 598 3312 gos
634 3263 890 3312 gegangen
916 3251 1040 3299 sein.
1065 3277 1129 3285 —
1158 3265 1353 3302 occurr.
1391 3253 1520 3302 dazu

507 3319 689 3381 gehiirt
707 3319 816 3381 sibi,
835 3318 935 3366 und
954 3332 1051 3367 von
1072 3318 1181 3367 dem
1196 3318 1408 3381 Begriffe
1427 3321 1522 3370 der

510 3387 793 3449 Bewegung
819 3385 971 3448 hiingt
995 3386 1220 3448 zugleich
1245 3384 1520 3455 Sicyonem

507 3453 585 3518 ab,
610 3468 650 3502 s.
676 3452 756 3518 22,
786 3453 861 3520 11,
883 3452 931 3502 3.
959 3481 1023 3490 -—
1048 3456 1179 3522 ipsis
1204 3455 1358 3506 durch
1376 3455 1518 3507 zwi-

507 3521 886 3585 schenstellung
917 3538 1015 3572 von
1034 3523 1182 3587 forte
1215 3525 1339 3574 noch
1363 3526 1518 3588 geho-

508 3589 627 3653 ben,
660 3589 762 3652 vgl.
790 3591 845 3651 5,
883 3589 975 3654 33,
1011 3590 1066 3640 3:
1100 3595 1244 3643 tutor
1265 3593 1521 3659 iesum-at

505 3661 641 3727 ipse‚·
673 3658 856 3708 anders
894 3658 950 3722 2,
990 3660 1077 3721 10,
1117 3660 1171 3709 7:
1207 3676 1295 3712 eos
1318 3679 1518 3729 quoque

504 3730 661 3796 ipsos.
680 3753 748 3762 --
767 3727 988 3778 hibernis
1008 3728 1165 3794 Corc„
1190 3744 1231 3779 s.
1252 3728 1335 3794 23,
1356 3731 1439 3796 32,
1464 3732 1515 3782 1:

506 3798 765 3847 exercitus
797 3792 969 3847 Teani.
1005 3823 1075 3834 -
1108 3814 1173 3847 ne
1202 3824 1273 3836 —
1302 3802 1416 3865 iret,
1464 3801 1515 3851 in

504 3868 555 3915 in
589 3868 806 3915 sentent.
829 3891 898 3901 —-
923 3867 1097 3917 tramit
1128 3865 1196 3916 ist
1218 3867 1309 3918 der
1329 3869 1517 3933 Begrist

505 3934 594 3983 des
618 3932 904 3984 Abi-atheus
928 3949 1024 3984 nur
1050 3934 1368 3998 angedeutet.

575 3999 624 4053 6.
695 4001 962 4069 Mycenica
1004 4007 1218 4055 vocatur
1259 4027 1330 4048 =
1374 4005 1516 4057 locus

1630 2431 1734 2494 νει.
1761 2429 1853 2493 42,
1887 2429 1978 2493 53,
2005 2428 2064 2492 63
2095 2445 2213 2481 man
2248 2436 2491 2482 erwartet
2516 2431 2641 2481 nach

1629 2499 1850 2549 anderen
1869 2498 2084 2562 Stellen,
2109 2514 2151 2550 s.
2174 2497 2254 2566 38,
2276 2499 2354 2561 14,
2378 2497 2466 2548 102
2491 2503 2644 2551 emet

1628 2569 1725 2618 sab
1757 2582 1818 2618 eo
1841 2565 2053 2634 Syleum
2084 2573 2136 2618 et
2155 2566 2366 2618 Alimne
2394 2582 2526 2634 quae
2545 2567 2642 2619 ad·

1623 2635 1875 2704 pellatur-3
1894 2635 1961 2685 ih.
1988 2635 2065 2697 15,
2088 2637 2139 2686 7:
2163 2635 2301 2689 adX
2334 2635 2643 2702 lineaquam

1628 2708 1809 2756 vocant
1827 2719 2028 2765 comem
2065 2703 2156 2768 45,
2182 2704 2275 2771 33,
2346 2720 2361 2766 ς
2387 2703 2469 2770 44,
2498 2704 2577 2768 11,
2606 2705 2639 2755 4

1627 2789 1678 2822 u.
1714 2771 2086 2839 iia-Mycenica
2119 2777 2202 2824 est
2232 2774 2355 2824 oder
2387 2777 2471 2823 est
2498 2771 2639 2840 Myc.

1627 2857 1760 2907 quae
1783 2845 2012 2892 vocatur.
2061 2840 2216 2892 Viell.
2254 2842 2338 2893 hat
2364 2841 2553 2906 jedoch
2573 2840 2637 2893 1..

1627 2909 1921 2960 absichtlich
1967 2910 2047 2959 die
2079 2909 2334 2960 Localitiit
2373 2910 2508 2960 nieht
2548 2910 2640 2961 he-

1628 2978 1817 3029 stimmt
1839 2980 1962 3028 nach
1985 2978 2145 3028 ihrem
2168 2977 2382 3042 Begriffe
2405 2978 2640 3029 bezeich-

1629 3053 1742 3108 net3
1778 3046 1907 3097 denn
1941 3061 1998 3096 es
2023 3047 2093 3097 ist
2115 3047 2531 3101 wahrscheinlich
2555 3047 2637 3097 die

1630 3113 1836 3179 Gegend
1860 3116 1953 3166 der
1970 3115 2119 3166 stadt
2134 3115 2381 3183 Mycenae
2402 3115 2638 3180 gemeint,

1625 3184 1819 3234 welche
1849 3184 2036 3248 get-ade
2072 3183 2295 3236 nb'rdlich
2338 3200 2435 3235 von
2470 3184 2638 3248 Argos

1625 3267 1687 3303 an
1722 3253 1813 3302 der
1846 3259 2357 3316 entgegengesetzten
2384 3253 2522 3304 Seite
2546 3254 2639 3303 der

1624 3318 1993 3372 Inachosehene
2018 3321 2230 3385 gelegen
2250 3323 2402 3386 hatte,
2427 3337 2469 3372 ε.
2489 3321 2634 3372 Diod.

1629 3388 1705 3454 11,
1731 3389 1822 3452 653
1849 3389 2031 3440 Strabo
2052 3388 2098 3472 8,
2126 3388 2175 3452 6,
2205 3389 2266 3439 10
2286 3405 2332 3457 p.
2354 3390 2477 3440 372:
2503 3393 2637 3441 Μυ-

1623 3472 1802 3576 ἔὲἔῖῖί
1808 3458 2635 3594 θὲἒξὶῗέἑῖιῗᾘῗῖὴξέἓιοξγιίἶῗ),

1621 3588 1716 3644 ὑπ’
1741 3588 2007 3663 Ἀργείων
2024 3588 2167 3647 ὥστε
2189 3595 2291 3647 νῦν
2305 3591 2447 3664 μηδ’
2479 3597 2636 3664 tyras·

1625 3657 1936 3730 εὑρίσκεται
1990 3663 2086 3730 τῆς
2131 3666 2480 3727 Μυκηναίων
2523 3657 2635 3714 πό-

1621 3730 1784 3790 λεως,·
1807 3732 1931 3782 doch
1950 3732 2130 3782 fandeu
2149 3732 2360 3783 Pausan.
2380 3731 2429 3796 2,
2454 3731 2516 3781 16
2531 3733 2633 3783 und

1623 3814 1808 3850 neuere
1833 3799 2097 3867 Reisende‚
2125 3815 2166 3851 s.
2194 3798 2397 3850 Curtius
2422 3801 2512 3851 der
2534 3798 2632 3850 Pe-

1623 3867 1863 3934 loponnes
1881 3867 1941 3934 11,
1963 3868 2089 3932 5003
2115 3869 2215 3920 570
2234 3869 2359 3918 noch
2378 3869 2458 3919 die
2475 3867 2631 3919 Reshe

1620 3952 1721 3987 von
1746 3936 1979 4003 Manern,
2001 3937 2406 4005 unterirdischen
2429 3936 2633 3989 Gehiiu-

1622 4005 1735 4070 den,
1761 4004 1999 4072 Tempeln
2023 4020 2072 4056 u.
2092 4022 2135 4057 s.
2160 4020 2226 4056 w·
