2861 4550
967 384 1159 438 LIBER
1194 381 1411 437 xxxll.
1466 383 1610 439 CAP.
1639 385 1720 437 29.
1747 385 1829 438 30.

334 414 378 443 a.
401 400 482 443 ch.
504 400 599 443 197.
2222 447 2231 457 ,
2327 390 2448 451 155

337 541 569 603 dicione·
590 550 770 602 erant.
804 539 1136 622 quindecim
1163 541 1394 621 oppida,
1413 541 1725 602 hominum
1740 539 1941 620 viginti
1962 539 2118 602 milia
2139 560 2270 602 esse
2293 541 2448 602 dice-
2493 552 2524 603 8

337 627 581 701 bantur,
633 645 779 707 quae
830 646 893 688 se
935 626 1287 704 dediderant.
1357 627 1495 688 inde
1531 627 1591 687 in
1630 645 1834 706 agrum
1871 625 2152 687 Boiorum
2190 626 2450 705 legiones

339 711 517 774 duxit.
575 711 854 775 Boiorum
894 712 1177 773 exercitus
1217 712 1371 773 haud
1400 713 1479 773 ita
1505 713 1691 773 multo
1722 718 1854 773 ante
1881 711 2180 773 traiecerat
2207 712 2449 774 Padum.
2477 711 2560 772 30

339 798 600 860 iunxerat
630 817 694 859 se
723 797 1064 859 Insubribus
1095 804 1152 858 et
1182 797 1559 870 CenomaniS,
1600 797 1760 877 quod
1791 797 1866 859 ita
1897 806 2263 876 acceperant,
2303 815 2447 859 con-
2490 811 2519 861 2

339 883 550 944 iunctis
587 883 911 963 legionibus
954 882 1229 944 consules
1267 892 1392 943 rem
1433 893 1732 963 gesturoS,
1776 890 1840 943 ut
1880 891 1937 943 et
1972 883 2085 962 ipsi
2126 883 2360 948 collatas
2390 883 2450 944 in

339 985 521 1029 unum
562 969 699 1030 viris
740 970 1054 1031 firmarent.
1115 974 1432 1049 postquam
1463 970 1615 1030 fama
1646 967 1850 1029 accidit
1878 970 2116 1029 alterum
2150 970 2451 1030 consulem
2496 981 2525 1029 3

336 1053 622 1114 Boiorum
664 1069 833 1115 urere
862 1072 1062 1134 agroS,
1103 1053 1312 1115 seditio
1352 1054 1643 1133 extemplo
1676 1063 1801 1114 orta
1833 1061 1940 1114 est.
2001 1055 2298 1134 postulare
2327 1053 2451 1127 Boi,

335 1148 400 1199 ut
428 1138 825 1200 laborantibus
857 1158 1030 1219 opem
1059 1139 1314 1200 universi
1347 1139 1578 1214 ferrent,
1600 1139 1874 1200 Insubres
1897 1157 2106 1219 negare
2130 1159 2194 1199 se
2218 1158 2323 1201 sua
2348 1141 2451 1201 de-

338 1232 620 1286 serturos,
682 1225 758 1287 ita
791 1225 1003 1285 divisae
1035 1224 1261 1303 copiae,
1299 1221 1556 1304 Boisque
1612 1225 1672 1285 in
1705 1243 1907 1303 agrum
1943 1244 2114 1286 suum
2146 1224 2450 1286 tutandum
2495 1240 2526 1289 4

336 1310 614 1390 profectis
654 1311 933 1371 Insubres
988 1329 1123 1370 oum
1161 1310 1515 1371 Cenomanis
1571 1328 1749 1389 super
1799 1309 1987 1371 amnis
2009 1345 2016 1350 -
2038 1310 2210 1371 Minci
2259 1311 2449 1390 ripam

336 1397 747 1458 consederunt.
779 1397 928 1457 infra
946 1411 1079 1456 eum
1098 1395 1296 1456 locum
1314 1415 1398 1456 mi
1414 1403 1473 1457 et
1488 1396 1694 1456 consul
1709 1396 2009 1458 Cornelius
2026 1396 2210 1458 eidem
2228 1395 2454 1457 flumini
2495 1408 2527 1458 5

335 1490 522 1542 castra
553 1480 843 1561 applicuit.
903 1481 1037 1542 inde
1068 1481 1352 1542 mittendo
1378 1482 1438 1542 in
1469 1481 1629 1543 vicos
1662 1482 2133 1542 Cenomanorum
2164 1481 2451 1542 Brixiam-
2494 1496 2525 1546 6

338 1583 469 1646 que,
503 1566 662 1645 quod
694 1575 866 1647 caput
896 1566 1085 1645 gentis
1115 1575 1254 1638 erat,
1285 1573 1352 1628 ut
1376 1567 1517 1628 satis
1548 1567 1835 1647 comperit
1860 1583 1984 1627 non
2013 1586 2084 1627 ex
2114 1566 2453 1627 auctoritate

338 1652 639 1713 seniorum
677 1653 1035 1713 iuventutem
1074 1652 1132 1712 in
1175 1652 1352 1715 armis
1385 1672 1544 1726 esse,
1585 1671 1693 1713 nec
1729 1651 1963 1731 publico
2004 1652 2249 1712 consilio
2279 1651 2452 1712 Insu-

338 1737 510 1799 brum
551 1737 863 1799 defectioni
894 1736 1263 1799 Cenomanos
1293 1757 1427 1800 sese
1456 1738 1815 1811 adiunxisse,
1858 1736 2057 1799 excitis
2090 1738 2159 1797 ad
2192 1755 2255 1797 se
2284 1737 2449 1816 prin-
2496 1747 2524 1797 7

339 1823 563 1902 cipibus
603 1823 663 1884 id
704 1841 872 1902 agere
912 1841 980 1884 ac
1008 1823 1201 1885 moliri
1230 1824 1449 1904 coepit,
1493 1833 1560 1886 ut
1589 1823 1983 1885 desciscerent
2011 1823 2081 1884 ab
2111 1821 2453 1884 Insubribus

342 1908 680 1983 Cenomani,
710 1916 766 1969 et
794 1909 1033 1972 sublatis
1069 1909 1250 1988 signis
1283 1918 1381 1972 aut
1411 1910 1625 1970 domos
1654 1909 1910 1971 redirent
1938 1914 2037 1969 aut
2058 1909 2126 1969 ad
2152 1908 2453 1970 Romanos

339 1993 671 2055 transirent.
717 2002 776 2055 et
804 1995 861 2055 id
885 1994 1120 2074 quidem
1145 1996 1442 2075 impetrari
1463 1994 1708 2075 nequiit:
1738 1993 1797 2054 in
1822 1994 1882 2055 id
1905 1994 2050 2054 fides
2075 1994 2204 2055 data
2227 1995 2452 2057 consuli
2496 2010 2525 2060 8

338 2087 445 2154 est,
470 2079 611 2140 utin
628 2077 746 2141 acie
763 2088 860 2142 aut
875 2080 1263 2159 quiescerent,
1280 2089 1396 2156 aut,
1413 2081 1592 2160 siqua
1610 2081 1782 2142 etiam
1801 2080 2034 2141 occasio
2050 2080 2271 2154 fuisset,
2288 2079 2455 2141 adiu-

336 2172 538 2226 varent
551 2166 871 2228 Romanos.
911 2167 1053 2228 haec
1072 2167 1149 2227 ita
1173 2166 1804 2228 convenisselnsubres
1828 2165 2197 2246 ignorabant3
2221 2166 2457 2227 suberat
2496 2179 2526 2228 9

337 2258 527 2313 tamen
570 2252 852 2332 quaedam
894 2251 1153 2333 suspicio
1190 2252 1403 2314 animis
1442 2253 1633 2314 labare
1663 2252 1835 2313 fidem
1868 2251 2184 2314 sociorum.
2243 2251 2456 2332 itaque,

337 2355 471 2398 cum
501 2337 561 2397 in
592 2337 773 2399 aciem
806 2338 1163 2413 eduxissent,
1193 2347 1469 2401 neutrum
1493 2339 1564 2400 iis
1591 2357 1774 2399 cornu
1800 2338 2163 2400 committere
2185 2338 2329 2412 ausi,
2359 2356 2454 2411 ne,

337 2614 427 2664 des
452 2612 515 2663 im
536 2610 742 2664 Genitiv
766 2613 924 2664 neben
945 2615 1054 2665 dem
1081 2614 1343 2666 einzelnen
1451 2643 1521 2654 —
1542 2620 1693 2683 vicos,
1720 2618 1769 2667 in
1795 2619 1954 2668 denen
1980 2617 2056 2667 die
2084 2616 2281 2668 Gallier
2308 2619 2457 2668 meist

337 2681 488 2745 Orto,
513 2697 554 2731 s.
581 2680 671 2745 31,
698 2681 789 2746 44,
820 2682 844 2732 1
871 2700 919 2733 ιι.
946 2683 1034 2733 oft.
1083 2683 1173 2733 Die
1208 2684 1345 2735 Stel-

333 2750 455 2814 lung
488 2750 769 2801 ehiastisch.
804 2778 872 2789 —
902 2755 1028 2818 agri
1056 2752 1196 2815 3022,
1237 2753 1339 2817 vgl.

334 2817 459 2869 Ptin.
484 2817 533 2883 3,
556 2818 633 2881 15,
658 2817 778 2869 116:
804 2823 855 2871 in
881 2820 975 2871 hoc
1000 2825 1169 2871 tractu
1199 2821 1341 2885 (zwi-

336 2886 485 2937 schen
518 2887 614 2952 Po,
660 2887 917 2954 Appenuiu
961 2905 1010 2939 u.
1045 2888 1339 2951 Ariminum)

331 2958 640 3007 inter-ierunt
661 2952 778 3023 Boi,
811 2972 1030 3023 quorum
1055 2960 1219 3009 tribus
1244 2973 1339 3009 cxu

326 3025 499 3089 smine
521 3027 705 3076 auctor
729 3030 810 3076 est
835 3024 977 3076 Cato.
1274 3036 1281 3045 '

400 3081 505 3144 80.
546 3092 711 3144 1-3.
760 3096 1012 3146 iunxerat
1035 3094 1160 3144 ohne
1185 3109 1341 3162 copu-

330 3161 381 3211 la
405 3176 486 3212 um
519 3177 574 3212 es
606 3162 836 3213 sebiiri'er
856 3165 1139 3214 cmziunctie
1163 3171 1339 3228 entge-

333 3242 428 3291 gen
454 3245 519 3279 zu
543 3230 744 3283 stelleu.
768 3258 837 3269 —-
859 3233 939 3282 itu
952 3232 1110 3281 durch
1129 3234 1340 3283 coniun-

334 3298 430 3345 ctis
451 3322 520 3334 ·—
537 3303 784 3363 gesturos
818 3300 1038 3362 erkliirt3
1074 3304 1137 3351 ut
1155 3326 1217 3337 ·--
1235 3301 1341 3368 fir-

334 3368 539 3413 marent
582 3365 735 3428 hiingt
780 3383 877 3418 von
925 3370 1215 3420 iunoeerant
1257 3369 1337 3434 ab,

334 3431 434 3481 und
475 3431 614 3494 giebt
643 3435 983 3499 nacbtriiglicb
1015 3437 1094 3488 die
1128 3436 1340 3488 Absiebt

331 3515 411 3552 an.
444 3527 514 3537 -—-
546 3505 599 3550 et
618 3502 720 3582 ipsi
738 3503 838 3552 und
862 3506 1014 3554 sebon
1037 3509 1342 3573 acceperant

331 3568 409 3619 als
435 3567 498 3618 ob
521 3567 638 3621 Boia
664 3574 717 3620 et
738 3568 977 3623 Insubres
1001 3578 1152 3640 atque
1177 3573 1338 3623 Ceno-

331 3640 476 3689 mani
517 3639 886 3703 voraugienge3
940 3644 988 3690 et
1031 3644 1136 3710 ipsi
1178 3642 1245 3690 ist
1288 3642 1335 3691 in

332 3706 618 3773 Beziehung
641 3706 732 3757 aui*
747 3706 978 3759 consules
1000 3725 1082 3758 um
1107 3708 1186 3758 die
1211 3708 1336 3771 glei-

333 3776 422 3825 cbe
448 3774 742 3840 Thiitigkeit
766 3774 922 3826 niiber
946 3793 1010 3826 zu
1033 3775 1338 3827 bezeichnen

335 3845 458 3894 noch
483 3843 863 3909 eingescboben.

401 3912 571 3963 4--7.
620 3917 673 3964 in
691 3926 809 3981 agr:
829 3931 893 3978 3.,
918 3914 995 3965 als
1020 3912 1082 3963 ob
1107 3928 1202 3963 nur
1216 3929 1340 3982 pro·

314 3982 484 4046 sectis
517 3980 653 4032 nicht
694 3983 818 4035 auch
857 3981 1130 4035 tutandum
1166 3979 1336 4048 fulgen

332 4047 499 4113 sollte,
524 4066 565 4099 s.
588 4049 635 4116 1,
663 4050 709 4118 6,
739 4051 783 4102 1.
799 4078 871 4091 --
893 4067 988 4107 mu
1006 4068 1052 4102 n.
1068 4067 1336 4122 passuum.

1450 2688 1683 2752 wohnen',
1721 2702 1761 2736 s·
1789 2703 1831 2736 c.
1859 2686 1939 2749 31,
1966 2685 2014 2736 2.
2040 2713 2108 2722 —-
2130 2686 2383 2748 Brioeiam,
2410 2701 2452 2734 s.

1452 2753 1498 2814 5,
1525 2754 1606 2819 35,
1638 2754 1679 2805 1.
1706 2782 1775 2792 —-
1797 2754 1958 2820 quod,
1993 2753 2083 2816 33,
2123 2754 2173 2818 1,
2212 2753 2254 2802 1.
2279 2781 2350 2790 —-
2371 2770 2454 2803 se-

1447 2824 1704 2941 2²33?ssssss
1716 2823 2092 2942 &tabit-²122?
2097 2821 2262 2957 ἰᾷἓὲῐ
2289 2820 2454 2939 {242}

1448 2959 1537 3009 das
1549 2958 1681 3010 Volk
1701 2959 1840 3009 hiitte
1858 2959 1968 3007 also
1989 2958 2112 3006 noch
2123 2956 2213 3007 aui*
2213 2958 2307 3007 der
2317 2928 2456 3007 Seite

1448 3027 1540 3077 der
1563 3026 1750 3077 Romer
1771 3025 2062 3092 gestanden,
2090 3041 2129 3075 s.
2158 3024 2245 3091 31,
2283 3024 2363 3076 10.
2386 3053 2457 3063 -—-

1448 3095 1726 3162 defectioni
1745 3095 1844 3144 wie
1868 3093 1901 3160 ξ
1930 3093 2016 3155 13;
2046 3094 2127 3158 24,
2153 3093 2200 3157 5,
2230 3094 2274 3144 1.
2355 3137 2370 3141 -

1517 3163 1686 3214 8-9.
1733 3163 1792 3214 id
1823 3162 2028 3229 quidem
2060 3165 2229 3224 —in,
2265 3178 2305 3213 s.
2335 3163 2381 3227 2,
2408 3162 2455 3226 2,

1448 3231 1497 3281 9.
1529 3235 1582 3283 in
1604 3232 1679 3293 id,
1706 3248 1748 3282 c.
1775 3230 1858 3295 24,
1885 3232 1942 3292 73
1970 3230 2052 3296 28,
2083 3231 2161 3295 17,
2187 3230 2218 3280 9
2243 3248 2291 3281 u.
2318 3247 2364 3282 a.
2387 3258 2458 3268 —-

1446 3304 1497 3351 si
1515 3317 1615 3368 qua
1638 3303 1816 3363 etima,
1851 3315 1994 3349 wenu
2029 3299 2133 3350 sich
2167 3300 2292 3349 auch
2328 3301 2455 3351 dazu

1446 3387 1496 3420 u.
1522 3385 1563 3420 s.
1588 3384 1682 3431 w.,
1719 3368 1843 3419 doch
1880 3366 2030 3419 solite
2063 3383 2176 3418 man
2209 3371 2364 3418 etiam
2388 3368 2452 3417 im

1445 3438 1751 3505 Hauptsatze
1777 3444 2055 3501 erwarten,
2091 3452 2238 3487 wozu
2264 3451 2319 3486 es
2343 3437 2454 3486 dem

1446 3506 1600 3556 Sinne
1624 3507 1745 3556 nach
1767 3507 1891 3556 auch
1913 3505 2006 3555 wol
2025 3506 2220 3569 gebort,
2245 3505 2349 3569 vgl.
2371 3505 2453 3568 25,

1447 3573 1537 3639 38,
1567 3573 1654 3624 13:
1676 3576 1942 3643 prql'ecto5
1968 3574 2025 3637 5,
2050 3573 2142 3637 48,
2169 3572 2223 3624 6:
2253 3577 2456 3632 tamem·

1445 3643 1687 3707 hercules,
1715 3642 1818 3692 Cic.
1841 3642 1890 3692 S.
1910 3641 2058 3692 Rosc.
2086 3642 2163 3707 11,
2185 3642 2274 3704 313
2302 3641 2452 3693 Verr.

1447 3711 1496 3773 5,
1523 3711 1604 3772 58,
1634 3709 1747 3759 121.
1771 3726 1969 3761 —-·oec.
1992 3712 2179 3776 filisa,
2205 3711 2452 3760 eintreten

1444 3778 1618 3828 wiirde
1645 3795 1687 3829 s.
1713 3778 1805 3842 34,
1830 3776 1921 3843 21,
1948 3779 2207 3842 737,17,
2235 3777 2450 3841 331,1,

1450 3846 1536 3897 11:
1570 3851 1748 3915 stirpis
1767 3849 1900 3912 fuit,
1934 3848 2037 3910 vgl.
2067 3846 2158 3908 21,
2194 3846 2283 3908 39,
2310 3845 2357 3896 9.
2382 3868 2453 3882 -—-

1448 3917 1588 3966 tacit.
1612 3933 1657 3982 q.
1685 3933 1745 3983 3.,
1769 3917 1873 3979 vgl.
1894 3915 1973 3981 25,
1996 3915 2077 3978 35,
2105 3913 2159 3974 33
2186 3912 2268 3976 26,
2295 3912 2377 3977 20,
2403 3913 2450 3963 5.

1445 4011 1516 4021 -
1539 3998 1698 4037 cornu
1731 3999 1880 4047 com„
1916 3985 2061 4032 ihnen
2093 3988 2448 4047 euvei-tranen,

1448 4053 1523 4103 sie
1557 4053 1651 4104 deu
1686 4052 1867 4117 Fliigel
1897 4051 2063 4101 bilden
2098 4049 2295 4113 lassen3
2339 4051 2450 4103 eine
