2861 4550
236 357 277 386 a.
303 346 386 388 Ch.
408 346 501 387 198.

924 332 1118 394 mann
1150 313 1379 387 xxxnj
1424 333 1568 385 cst.
1593 333 1678 386 26.

2238 337 2355 398 147

236 486 802 565 Carthaginiensium
832 487 1024 552 Setiae
1063 488 1556 554 custodiebantur.
1619 507 1752 552 cum
1793 488 1892 562 iis,
1930 495 1996 549 ut
2025 488 2357 569 principum
2399 503 2429 552 5

232 571 435 638 liberis
453 620 471 647 ,
510 591 722 653 magna
753 574 840 638 vis
871 592 1174 640 servorum
1205 581 1344 636 erat.
1402 575 1691 652 augebant
1717 593 1926 638 eorum
1952 591 2269 642 numerum
2299 583 2361 638 ut
2399 584 2430 634 6

232 657 309 730 ab
346 657 580 728 ,recenti
617 659 813 722 Africo
863 658 1013 721 bello
1064 669 1122 722 et
1169 660 1240 722 ab
1287 658 1436 741 ipsis
1478 659 1693 721 Setinis
1735 659 1954 739 captiva
1993 659 2214 741 aliquot
2249 678 2358 721 na·-

233 743 413 805 tionis
442 743 565 806 eius
595 753 792 827 empta
820 747 907 823 [ex
929 746 1143 825 praeda
1167 744 1475 826 mancipia.
1520 765 1653 810 cum
1679 744 2154 823 coniurationem]
2184 745 2357 808 secis-
2400 755 2428 804 7

235 837 372 891 sent
406 829 608 894 missis
647 850 717 893 ex
756 850 827 892 eo
869 848 1148 906 numero,
1188 830 1449 912 primum
1481 830 1670 910 quiin
1703 830 1905 892 Setino
1936 850 2107 923 agro,
2149 830 2359 892 deinde

233 914 388 978 circa
410 914 666 988 Norbam
701 923 757 978 et
779 916 1046 980 Cerceios
1076 916 1306 980 servitia
1337 916 1733 990 sollicitarent,
1767 916 1908 980 satis
1937 916 2056 980 iam
2080 916 2356 978 omnibus

230 1001 592 1080 praeparatis
620 1002 804 1077 ludis,
846 1002 945 1083 qui
977 1003 1164 1065 Setiae
1193 1022 1385 1082 prope
1414 1003 1568 1066 diem
1600 1001 1780 1066 futuri
1809 1009 1987 1074 erant,
2022 1002 2354 1080 spectaculo

231 1084 524 1147 intentum
566 1088 853 1168 populum
895 1088 1133 1167 adgredi
1171 1096 1520 1165 statuerant,
1563 1088 1718 1152 Setia
1757 1105 1864 1167 per
1900 1088 2134 1150 caedem
2163 1096 2222 1149 et
2258 1107 2356 1150 re·
2398 1098 2429 1147 8

230 1171 541 1250 pentinum
588 1173 899 1235 tumultum
945 1183 1110 1252 capta
1153 1174 1439 1252 [Norbam
1480 1182 1537 1234 et
1569 1172 1838 1248 Cerceios
1870 1173 2180 1253 occupare]
2225 1171 2353 1240 ,***

230 1256 480 1326 servitia.
535 1258 710 1320 huius
740 1258 825 1319 rei
857 1267 977 1322 tam
1006 1259 1211 1321 foedae
1240 1258 1521 1322 indicium
1553 1260 1800 1320 Romam
1832 1259 1903 1319 ad
1932 1258 1996 1318 L.
2021 1258 2355 1322 Cornelium

232 1342 542 1405 Lentulum
593 1353 922 1423 praetorem
984 1345 1149 1418 urbis
1212 1345 1466 1407 delatum
1518 1353 1625 1406 est.
1703 1344 1855 1405 servi
1909 1344 2025 1405 duo
2079 1354 2215 1405 ante
2264 1344 2354 1406 lu-

233 1447 359 1492 cem
423 1428 494 1489 ad
547 1448 681 1492 eum
735 1438 1047 1502 venerunt,
1107 1438 1280 1510 atque
1333 1430 1539 1496 ordine
1589 1428 1812 1503 omnia,
1875 1448 2022 1508 quae
2084 1437 2210 1492 acta
2261 1430 2355 1491 fu-

233 1522 481 1592 turaque
510 1523 696 1589 erant,
737 1524 1153 1595 exposuerunt.
1215 1516 1430 1595 quibus
1471 1511 1633 1576 domi
1664 1514 1946 1577 custodiri
1975 1513 2153 1576 iussis
2181 1533 2355 1595 prae-

238 1606 334 1658 tor
354 1607 561 1662 senatu
588 1608 791 1661 vocato
822 1602 1164 1681 edoctoque‚
1195 1620 1341 1682 quae
1370 1601 1591 1662 indices
1619 1601 1929 1674 adferrent,
1961 1599 2252 1680 proficisci
2281 1601 2354 1661 ad

236 1702 371 1744 eam
399 1682 861 1749 coniurationem
895 1687 1278 1765 quaerendam
1311 1697 1485 1767 atque
1516 1686 1962 1766 opprimendam
1995 1685 2195 1746 iussus
2221 1703 2354 1745 cum

236 1768 494 1848 quinque
542 1770 748 1849 legatis
799 1773 1098 1851 profectus
1153 1772 1359 1834 obvios
1408 1771 1472 1833 in
1511 1772 1666 1852 agris
1706 1777 2076 1834 sacramento
2118 1778 2356 1850 rogatos

231 1950 421 2017 Setiae,
443 1953 546 2016 vgl.
564 1952 598 2018 ᾗ
622 1953 683 2003 18
704 1970 751 2004 u.
774 1970 816 2004 c.
837 1954 885 2017 2,
909 1955 958 2005 4.
975 1983 1046 1992 —-·
1063 1971 1242 2008 corum

229 2037 399 2085 num„
429 2021 613 2071 ebenso
638 2022 816 2087 25,1,
843 2023 903 2084 83
939 2023 1029 2090 33,
1053 2022 1143 2086 24,
1179 2024 1241 2085 93

231 2086 265 2154 ξ
293 2090 346 2139 7:
374 2104 433 2139 eo
456 2106 672 2142 numero
695 2092 797 2154 vgl.
823 2091 905 2154 29,
933 2091 989 2151 6,
1018 2092 1065 2142 4.
1091 2120 1155 2129 -
1181 2097 1243 2142 ut

230 2159 296 2208 ab
320 2173 424 2208 rec.
442 2160 509 2208 A.
531 2160 598 2223 b„
618 2160 713 2209 wie
733 2159 981 2211 natiirlich
1010 2160 1059 2210 in
1077 2160 1238 2224 Folge

231 2226 321 2277 des
352 2225 462 2281 Afr.
502 2225 746 2292 KriegeS‚
790 2228 853 2280 da
888 2229 1010 2280 nach
1048 2228 1237 2281 diesem

228 2295 361 2346 viele
399 2294 689 2360 Gefangene
732 2298 848 2359 (aus
886 2296 1083 2361 Africa)
1121 2313 1243 2351 ver-

229 2360 610 2414 kani't‘worden
644 2381 836 2429 waren,
879 2381 921 2415 s,
957 2364 1047 2427 30,
1083 2365 1140 2427 6,
1181 2367 1236 2427 13

230 2431 357 2482 iiber
379 2434 443 2482 ab
469 2447 510 2482 s,
537 2449 580 2481 c.
611 2432 690 2495 14,
715 2432 772 2494 63
800 2432 856 2493 83
893 2433 941 2495 5,
969 2432 1050 2496 28,
1078 2433 1239 2494 7311».

228 2499 316 2562 44,
341 2498 403 2560 63
431 2498 476 2562 1,
502 2499 584 2564 31,
611 2500 658 2549 4.
681 2528 751 2538 --
772 2502 973 2566 augeb„
1000 2502 1087 2552 das
1109 2501 1238 2550 Sub-

222 2567 336 2631 ject
358 2567 428 2617 ist
444 2572 619 2635 empta
637 2598 705 2605 —
726 2571 996 2637 mancipia,
1021 2571 1144 2619 doch
1172 2570 1241 2620 ist

230 2650 288 2687 es
321 2637 604 2699 ungewiss‚
639 2636 701 2686 ob
724 2637 782 2688 L.
817 2638 898 2687 die
933 2636 1118 2689 Worte
1151 2654 1238 2688 ea-

223 2707 366 2771 ptiva
386 2731 456 2740 —
477 2707 656 2755 missis
682 2720 741 2756 80
776 2705 1098 2769 geschriebcn
1135 2707 1235 2770 hat,

227 2773 292 2821 da
315 2772 366 2822 in
399 2773 492 2824 der
515 2774 688 2824 hesten
712 2774 832 2824 Hds.
858 2791 928 2825 ex
948 2775 1144 2842 praeda
1165 2802 1236 2812 —-

227 2842 635 2893 coniurationem
654 2841 805 2905 fehlt,
833 2843 932 2892 und
958 2843 1037 2893 die
1061 2843 1233 2894 Liieke

226 2909 637 2960 wahrscheinlich
690 2911 999 2975 nothdiirt'tig
1052 2927 1234 2976 ausge-

225 2976 345 3028 ffiut
367 2977 451 3029 ist.
477 3004 547 3016 -—
568 2981 770 3046 captiva
800 2980 938 3029 wiirc
973 2979 1129 3030 neben
1165 2998 1235 3031 σω

222 3046 1234 3169 mmm..

223 3186 475 3250 mancipia
505 3153 632 3234 dicii
653 3153 798 3250 sicut,
822 3184 959 3251 quod
977 3188 1042 3237 ab
1068 3186 1228 3237 horti-

226 3251 322 3302 bus
351 3267 508 3303 manu
541 3254 838 3320 capiuntur,
867 3255 992 3304 oder
1024 3254 1229 3320 prolep-

222 3318 351 3369 tisch
375 3340 447 3361 ==
468 3322 670 3386 captiva
704 3336 920 3390 corpora
960 3326 1132 3391 empta
1162 3350 1232 3361 --

222 3391 286 3438 ut
328 3389 583 3454 mancipia
626 3395 812 3440 essent.
843 3417 913 3427 —-
951 3394 1129 3442 mia-3129
1161 3418 1232 3428 —-·

223 3455 485 3507 sollieitar.
515 3456 654 3505 steht
673 3457 765 3507 mit
786 3461 1036 3511 coniurat.
1054 3462 1230 3526 secis-

221 3527 340 3575 smt
377 3524 428 3574 in
460 3521 813 3589 Verbindung,
854 3531 985 3578 satis
1011 3556 1083 3565 --
1110 3544 1228 3595 par.

223 3593 316 3644 mit
330 3595 655 3652 statueram·
671 3594 794 3642 oder
815 3610 869 3644 es
889 3595 1045 3647 istein
1059 3597 1230 3647 hortea

225 3660 549 3728 Asyndeton3
570 3661 659 3710 das
672 3660 881 3725 subject
898 3680 961 3713 zu
979 3668 1232 3717 coniurat.

218 3729 470 3795 fecissent
503 3743 614 3779 war
652 3729 792 3781 viell.
833 3745 931 3781 von
972 3730 1031 3782 L.
1076 3732 1233 3781 niiher

225 3798 535 3848 bezeichnet.
563 3825 633 3835 --
660 3799 895 3867 primum
924 3803 1016 3864 qui
1045 3814 1102 3850 so
1136 3814 1231 3863 ge-

224 3866 368 3917 stellt
391 3866 480 3916 wie
506 3881 552 3916 c.
577 3864 667 3930 20,
704 3867 760 3917 2:
794 3884 882 3919 eos
906 3869 988 3928 si‚·
1019 3867 1109 3931 24,
1146 3867 1230 3932 47,

224 3933 280 3984 5:
304 3933 441 3999 quod
461 3938 584 3992 aut,·
615 3934 1015 3999 42‚1,11:2·tm·
1038 3951 1141 4002 qua
1163 3964 1230 3973 --

224 4004 368 4061 erat,·
390 4017 432 4051 s.
444 4017 508 4051 zu
524 4001 664 4066 27,8‚
689 4003 776 4067 163
799 4006 922 4058 oder
939 4005 997 4057 L.
1014 4005 1100 4056 hat
1117 4005 1233 4055 eine

1346 1955 1532 2008 andere
1561 1953 1832 2017 Wendung
1857 1952 2201 2017 beabsichtigt.

1416 2024 1447 2073 8
1458 2052 1525 2060 —-
1541 2022 1620 2072 12.
1658 2021 1959 2074 Norbam—
1975 2037 2225 2090 occupare
2245 2021 2358 2072 feh-

1346 2092 1429 2141 len
1457 2093 1507 2141 in
1525 2093 1617 2141 der
1636 2091 1811 2140 besten
1839 2090 1975 2155 fids„
2003 2091 2083 2140 die
2109 2090 2218 2141 hier
2245 2091 2356 2141 eine

1346 2160 1519 2211 Liicke
1543 2175 1640 2211 von
1675 2159 1781 2208 drei
1810 2157 1984 2209 Zeilen
2021 2160 2129 2224 liat,
2149 2159 2356 2212 welche

1348 2244 1460 2281 zum
1481 2227 1624 2281 Theil
1652 2242 1741 2279 aus
1762 2228 1790 2293 ξ
1813 2228 1840 2278 7
1868 2228 1916 2278 in
1931 2227 2183 2292 jiingeren
2209 2227 2357 2278 Hdss.

1348 2299 1561 2360 ergiinzt
1584 2298 1669 2347 ist.
1687 2325 1755 2334 --
1772 2294 2021 2351 Lentulus
2046 2297 2124 2346 ein
2145 2297 2356 2349 lrntlmm

1347 2364 1432 2416 L’s
1470 2368 1594 2416 oder
1626 2367 1716 2415 der
1750 2365 2108 2429 Abschreiber,
2144 2381 2187 2414 s,
2226 2381 2269 2416 c.
2305 2364 2353 2427 8,

1349 2435 1396 2485 5.
1423 2462 1492 2471 -
1516 2439 1635 2484 ante
1656 2434 1772 2496 luc„
1799 2449 1840 2482 s.
1869 2434 1925 2495 7,
1962 2434 2017 2493 5,
2047 2431 2109 2495 33
2145 2433 2268 2483 Sall.
2298 2432 2351 2482 C.

1348 2502 1441 2566 28,
1490 2502 1542 2564 13
1586 2503 1667 2553 die
1700 2509 1873 2552 ersten
1908 2501 2353 2565 Morgenstunden,

1348 2572 1396 2620 in
1423 2572 1584 2621 denen
1607 2571 1689 2621 die
1716 2571 2020 2620 vornehmen
2038 2568 2225 2620 Riimer
2247 2570 2352 2620 Au-

1346 2641 1492 2690 dienz
1517 2639 1694 2703 gabea.
1739 2639 1862 2690 Dem
1880 2638 2207 2703 Stadtpriitor
2225 2639 2351 2687 wird

1346 2708 1424 2758 die
1450 2708 1675 2769 Anzeige
1700 2708 1953 2771 gemacht,
1978 2706 2096 2756 weil
2119 2706 2198 2755 die
2223 2705 2354 2755 Con-

1342 2777 1458 2825 snln
1481 2776 1618 2827 nicht
1639 2775 1910 2825 anwesend
1928 2775 2054 2824 sind.
2080 2800 2150 2809 ——
2172 2776 2352 2838 quibus

1340 2871 1410 2880 ——
1443 2846 1609 2894 iussis
1641 2845 1709 2893 ist
1741 2847 1924 2893 senatu
1964 2858 2071 2892 roc.
2113 2848 2351 2904 unterge-

1342 2913 1539 2976 ordnet,
1567 2928 1607 2961 S.
1635 2911 1725 2974 21,
1751 2910 1841 2972 25,
1869 2909 1928 2971 33
1967 2909 2058 2972 28,
2088 2908 2258 2970 31,1.
2283 2937 2352 2945 —-

1340 2979 1685 3047 quaerendam
1718 2980 1811 3028 der
1842 2977 2000 3027 Senot
2031 2976 2209 3041 allent,
2254 2978 2350 3027 wie

1339 3048 1653 3112 gewiihnlich
1678 3047 1726 3096 in
1750 3046 1917 3096 dieser
1933 3043 2066 3109 Zeit‚
2090 3045 2190 3095 und
2214 3047 2275 3106 da
2295 3060 2351 3096 es

1341 3118 1445 3167 sich
1481 3117 1590 3165 bier
1621 3131 1704 3166 um
1733 3115 2182 3178 Bundesgenossen
2225 3115 2352 3165 han-

1339 3185 1473 3246 delt,
1502 3185 1710 3235 ertheilt
1730 3184 1828 3234 ihm
1852 3183 1931 3234 die
1955 3181 2242 3235 Vollmacht
2270 3184 2349 3233 die

1338 3253 1787 3316 Untersuchnngen
1808 3268 1872 3302 zu
1890 3251 2076 3313 hatten,
2097 3266 2138 3301 s,
2160 3268 2203 3301 c.
2225 3250 2270 3318 1,
2290 3252 2318 3300 7
2336 3268 2351 3314 ;

1337 3322 1443 3387 vgl.
1469 3322 1518 3385 9,
1544 3321 1640 3383 24;
1677 3321 1769 3384 29,
1794 3320 1889 3381 2ος
1924 3319 1981 3369 31
2004 3358 2019 3385 ,
2054 3320 2140 3381 12,
2166 3320 2229 3381 3;
2266 3319 2349 3382 39,

1344 3391 1422 3454 14,
1450 3390 1509 3451 6;
1546 3391 1728 3440 andere
1754 3390 1810 3453 4,
1839 3389 1930 3452 51,
1960 3388 2015 3451 13
2055 3387 2144 3454 38,
2171 3388 2260 3451 54,
2288 3387 2348 3448 3;

1339 3459 1432 3523 42,
1460 3458 1552 3523 21,
1578 3458 1626 3509 8.
1678 3456 2017 3527 opprimenti„
2055 3458 2117 3507 da
2143 3472 2201 3506 er
2224 3457 2347 3507 nach

1339 3528 1454 3579 dem
1490 3526 1637 3591 Folg.
1680 3529 1805 3577 auch
1848 3526 1959 3575 eine
1992 3523 2351 3574 Militiirmacht

1338 3595 1442 3658 hat,
1467 3611 1525 3645 so
1550 3595 1641 3645 iibt
1659 3609 1733 3657 er,
1760 3594 1984 3656 obgleieh
2007 3592 2344 3658 Stadtpriitor‚

1337 3665 1466 3713 auch
1490 3665 1579 3712 das
1609 3663 1869 3727 imperium
1902 3662 2121 3713 militare
2154 3676 2269 3725 aue,
2303 3676 2345 3710 s,

1340 3730 1423 3794 22,
1450 3731 1532 3793 57,
1558 3729 1619 3791 83
1654 3731 1701 3790 7,
1729 3729 1817 3796 25,
1846 3729 1934 3789 12;
1976 3730 2064 3792 10,
2090 3728 2180 3795 31,
2207 3729 2254 3778 3.
2278 3755 2342 3764 —-

1338 3801 1510 3866 φαίης.
1535 3799 1716 3864 legat„
1752 3798 1842 3863 29,
1876 3798 1966 3860 20,
2000 3798 2049 3847 4.
2073 3825 2142 3837 --
2166 3812 2345 3846 sacra-

1335 3872 1507 3920 mento
1526 3883 1660 3933 rog„
1680 3869 1822 3931 nach,
1841 3866 2038 3930 gemiiss
2059 3864 2168 3915 dem
2181 3865 2343 3925 (ihnen

1337 3935 1703 4000 vorgesagtcn)
1729 3934 1855 3988 Eide
1879 3933 2080 3999 fragen,
2106 3948 2153 3981 n.
2180 3932 2242 3981 ob
2271 3932 2344 3981 sie

1338 4005 1444 4055 sich
1498 4006 1622 4055 nach
1678 4002 1963 4054 demselben
2018 4001 2344 4065 verptlichten

1842 4084 1939 4136 10*

2399 1355 2429 1405 9

2401 1525 2462 1576 10

2401 1699 2453 1749 11
