2861 4550
220 415 260 446 α.
284 404 366 454 Ob.
387 404 479 445 196.

742 463 745 464 γ
834 389 1026 441 LIBER
1060 386 1301 442 XXXIII,
1357 386 1500 437 CAP.
1528 386 1609 445 28.
1636 384 1720 436 29.

2211 391 2331 452 221

219 545 526 606 Pisistrato
578 544 649 606 de
696 564 760 606 re
807 562 1021 623 magno
1072 562 1250 624 opere
1296 542 1624 621 pertinente
1669 542 1740 602 ad
1790 542 2151 622 Zeuxippum
2190 562 2337 604 esse.

220 630 571 698 conscientia
600 630 766 706 ictus,
798 649 933 707 cum
954 630 1244 709 extemplo
1268 628 1585 690 taditurum
1610 646 1708 688 eas
1733 628 2117 709 adfirmasset,
2142 631 2340 707 aperit,
2388 638 2446 686 14

219 715 608 795 perlectisque
640 716 845 794 litteris
876 715 1120 795 pavidus
1153 714 1386 775 Thebas
1415 712 1627 790 refugit
1656 720 1715 773 et
1744 712 1812 773 ad
1845 713 2216 791 magistratus
2248 715 2337 775 in-

219 800 433 863 dicium
475 801 677 863 defert.
736 810 793 862 et
820 800 1155 880 Zeuxippus
1195 799 1433 879 quidem
1465 799 1596 875 suga
1628 800 1778 858 servi
1808 806 2007 859 motus
2036 801 2338 860 Anthedo-

217 905 374 960 nem,
404 886 680 948 tutiorem
709 887 879 948 exilio
900 886 1097 947 locum
1119 894 1307 960 ratuS,
1328 883 1646 958 concessit3
1678 883 1750 944 de
1770 883 2074 946 Pisistrato
2101 885 2339 965 aliisque
2389 898 2445 946 15

220 970 591 1052 quaestiones
621 971 928 1033 tormentis
958 971 1189 1032 habitae
1216 982 1274 1031 et
1302 977 1606 1049 sumptum
1637 968 1991 1050 supplicium
2023 978 2130 1031 est.

386 1057 659 1119 Efferavit
687 1077 753 1118 ea
784 1058 987 1119 caedes
1020 1057 1336 1118 Thebanos
1365 1055 1740 1134 Boeotosque
1773 1056 1968 1116 omnis
1999 1057 2073 1117 ad
2103 1075 2337 1118 execra—
2377 1059 2458 1118 29

218 1142 331 1215 bile
362 1142 561 1204 odium
593 1144 1023 1214 Romanorum,
1062 1142 1353 1203 credentis
1381 1159 1506 1201 nen
1537 1140 1673 1201 sine.
1698 1140 1942 1200 consilio
1972 1140 2340 1220 imperatoris

221 1228 469 1288 Romani
508 1228 871 1308 Zeuxippum
916 1228 1246 1307 principem
1287 1225 1476 1306 gentis
1501 1225 1572 1286 'id
1614 1225 1835 1285 facinus
1876 1225 2204 1287 conscisse.-
2269 1228 2340 1288 ad

217 1313 618 1375 rebellandum
642 1329 835 1392 neque
857 1313 1007 1373 vires
1031 1331 1219 1391 neque
1243 1312 1450 1373 ducem
1472 1310 1777 1373 habebant.
1830 1314 2166 1389 proximum
2190 1312 2339 1373 bello
2367 1327 2412 1376 »2

220 1398 379 1476 quod
404 1406 558 1468 erat,
601 1398 661 1460 in
688 1399 1057 1460 latrocinium
1087 1397 1241 1459 versi
1270 1398 1415 1458 alios
1448 1397 1510 1457 in
1540 1396 1819 1475 hospitiS,
1857 1397 2000 1457 alios
2031 1415 2205 1476 vagos
2238 1416 2342 1477 per

221 1483 464 1544 hiberna
502 1483 713 1544 milites
752 1485 822 1545 ad
862 1483 1055 1544 varios
1083 1481 1468 1544 commeantis
1489 1500 1640 1543 usus
1670 1481 2045 1559 excipiebant.
2105 1482 2360 1562 quidam
2384 1494 2413 1541 3

219 1569 282 1628 in
311 1568 458 1647 ipsis
491 1568 792 1629 itineribus
820 1570 895 1629 ad
923 1577 1096 1629 notas
1127 1569 1374 1630 latebras
1406 1567 1480 1628 ab
1510 1567 1946 1638 insidiantibuS‚
1978 1586 2117 1647 pars
2148 1568 2207 1628 in
2239 1568 2341 1628 de-

222 1662 379 1715 serta
415 1671 521 1734 per
559 1654 819 1714 fraudem
863 1654 1192 1715 deversoria
1222 1653 1458 1733 deducti
1488 1645 1996 1731 opprimebantur-3
2035 1663 2340 1733 postremo
2384 1664 2415 1713 4

222 1756 346 1801 non
375 1747 600 1801 tantum
632 1737 702 1799 ab
734 1739 869 1799 odio
903 1739 1006 1802 sed
1037 1739 1210 1800 etiam
1244 1738 1509 1800 aviditate
1540 1738 1791 1818 praedae
1820 1738 2074 1798 facinora
2106 1739 2339 1811 fiebant,

222 1825 358 1904 quia
388 1823 725 1902 negotiandi
753 1825 935 1886 ferme
967 1843 1141 1887 causa
1171 1833 1472 1904 argentum
1506 1822 1565 1885 in
1596 1823 1760 1883 zonis
1787 1822 2064 1885 habentes
2089 1823 2151 1883 in
2175 1843 2341 1884 com·

224 2011 362 2068 nicht
392 2011 567 2060 immer
590 2010 912 2073 beobaebtet‚
949 2028 990 2062 3.
1017 2011 1109 2076 39,
1131 2012 1227 2076 26,

228 2079 315 2130 12:
343 2079 578 2146 fideliori
615 2082 794 2131 amico.
828 2108 896 2118 —
936 2096 1111 2147 mag-n.
1147 2097 1228 2149 op.

219 2151 372 2215 pert„
399 2147 478 2197 die
512 2162 640 2210 ganz
674 2149 950 2199 besonders
986 2151 1112 2200 nabe
1136 2164 1226 2200 an-

219 2216 364 2281 gebe,
389 2216 492 2280 vgl.
519 2214 601 2280 28,
627 2216 706 2282 44,
738 2217 797 2267 17
826 2235 877 2269 u.
902 2233 950 2267 a.

293 2284 524 2335 14—15.
571 2288 727 2347 ictuc,
762 2302 803 2336 3.
829 2287 920 2350 27,
954 2286 1010 2348 9,
1046 2286 1105 2348 83
1141 2286 1222 2346 26,

221 2353 312 2416 20,
346 2354 388 2402 1.
415 2382 486 2389 -
513 2354 831 2418 Anthedon„
864 2354 1014 2404 Aulis
1043 2369 1230 2417 gegen-

219 2422 363 2484 iiber,
390 2436 446 2469 so
473 2421 589 2470 dass
614 2437 673 2472 er
695 2423 849 2472 leicbt
872 2423 994 2471 nach
1020 2422 1229 2471 Euboea

220 2489 534 2540 entkommen
579 2489 784 2540 konnte.
817 2516 886 2527 —-—-
918 2490 980 2539 de
1011 2490 1225 2540 Pisistr.

221 2565 357 2621 etc.,*
389 2557 572 2607 andere
605 2558 681 2608 als
723 2559 774 2607 iu
807 2557 930 2608 Rom
964 2558 1073 2608 sind
1104 2559 1226 2607 auch

218 2625 349 2675 freic
385 2625 577 2689 Biirger
608 2627 697 2676 der
722 2625 912 2676 Tortur
941 2634 1226 2676 unterwor-

219 2693 320 2744 fen.
344 2721 413 2731 —
435 2694 618 2760 ah’n‘sq„
642 2695 722 2744 die
747 2711 812 2744 zu
837 2695 928 2744 der
950 2697 1075 2745 rom.
1101 2694 1226 2745 Par-

217 2763 290 2812 tei
313 2764 581 2826 gebin-ten,
609 2779 652 2813 3.
677 2763 852 2830 Polyb.
879 2758 915 2813 ἃ
941 2762 1224 2834 συνορῶν-

218 2846 307 2887 τες
348 2832 405 2880 οἱ
445 2833 577 2901 περὶ
616 2828 716 2883 τὸν
755 2826 1084 2890 Ζεύξιππον
1133 2831 1226 2882 καὶ

217 2901 627 2968 Πεισίστρατον
666 2901 758 2950 καὶ
799 2895 1006 2958 πάντες
1040 2901 1098 2950 οἱ
1129 2898 1224 2950 ‹50-

219 2967 441 3046 κοῦντκες
465 2967 604 3019 εἶναι
624 2962 913 3037 Ῥωμαίων
941 2970 1101 3038 φίλοι
1128 2965 1224 3018 δυ·

220 3033 717 3182 σζΞῇὟςῙξ-εξῨνᾶά
734 3121 903 3157 οωοον.
916 3142 930 3168 ,
956 3105 1068 3154 eine
1092 3104 1224 3156 Ver-

219 3171 525 3236 wilderung,
583 3173 661 3222 die
714 3190 806 3224 zur
857 3173 1016 3236 Folge
1068 3175 1221 3237 batte,

215 3239 391 3289 fiibrte
421 3255 500 3288 zu.
558 3239 661 3290 Der
695 3241 824 3292 Hass
858 3243 1067 3291 dauerte
1101 3242 1226 3291 auch

218 3306 395 3372 spiiter
416 3306 542 3369 fort,
577 3323 617 3357 3.
641 3307 732 3369 35,
767 3310 859 3374 47,
886 3308 943 3371 33
980 3309 1068 3371 36,
1094 3309 1226 3372 6,1.

216 3402 290 3413 --
309 3391 411 3425 non
434 3377 546 3424 sine
578 3390 646 3438 c.,
681 3375 737 3425 L.
771 3378 972 3427 mildert
1004 3393 1083 3443 so,
1117 3393 1225 3428 was

216 3443 399 3509 Polyb.
434 3443 468 3491 l.
493 3442 526 3491 l.
563 3442 815 3495 bestimmt
848 3447 1155 3511 ausspricbt:
1192 3441 1222 3496 ὃ

116 3514 119 3515 ’
219 3509 282 3562 δὲ
312 3514 476 3566 Τίτος
498 3510 670 3561 ταῦτα
698 3513 809 3572 (den
836 3514 957 3563 Plan
982 3514 1224 3594 Bracbyl-

218 3580 295 3628 les
337 3595 402 3629 zu
435 3579 725 3641 ermorden)
773 3576 1016 3638 ἀκούσας
1060 3577 1227 3638 αυτὸς

216 3645 324 3715 μὲν
358 3643 459 3697 οὐκ
493 3644 601 3716 ἔφη
635 3652 923 3701 κοινωνεῖν
959 3648 1055 3714 τῆς
1079 3645 1223 3717 πρά-

218 3716 350 3774 ξεως
372 3709 585 3780 ταύτης,
612 3712 743 3771 τοὺς
766 3712 828 3767 δὲ
852 3715 1225 3800 βουλομένους

158 3830 170 3843 ,
219 3779 488 3854 πράττειν
507 3778 575 3835 οὐ
595 3779 853 3836 κωλύειν’
885 3786 1134 3835 καθολου
1161 3782 1224 3836 δὲ

219 3852 403 3903 λαλεῖν
421 3847 622 3909 αὐτοὺς
639 3850 848 3904 ἐκέλευε
866 3867 939 3903 πε
977 3854 997 3901 ὶ
1016 3847 1225 3905 τούτων

204 3914 543 3999 ,Ἀλεξαμένῳ
563 3921 640 3988 τῷ
657 3922 941 3974 τῶνΛίτω
973 3921 1224 3992 ὤνστρα-
1270 3982 1273 3983 ⁷

218 4003 369 4054 τηγῳ
405 3995 503 4039 etc.
537 4017 607 4028 —-
637 3990 891 4060 Zeuoeipp.
934 3994 1124 4058 princ„
1168 4006 1223 4040 so

218 4055 515 4107 bezeichnet
538 4059 620 4108 ihn
646 4059 703 4109 L.
732 4062 853 4111 nach
878 4061 970 4110 des
986 4060 1227 4126 Pisistra-

1334 2020 1416 2063 tus
1453 2010 1596 2061 'rode
1633 2025 1732 2061 von
1776 2012 1963 2061 seinem
1998 2007 2340 2078 Standpunkte

1333 2096 1451 2141 au83
1495 2080 1811 2146 BrachylleS,
1854 2080 1948 2129 den
1990 2096 2048 2129 er
2089 2097 2131 2130 c.
2177 2080 2266 2142 27,
2309 2080 2340 2129 8

1334 2148 1585 2215 quendam
1611 2155 1786 2211 neunt,
1822 2148 1989 2197 wiirde
2025 2164 2084 2198 er
2116 2150 2338 2199 schwer-

1335 2217 1434 2267 licb
1459 2218 1624 2266 dieses
1650 2216 1884 2266 Priidicat
1908 2217 2131 2281 gegeben
2159 2218 2336 2267 baben.

1334 2312 1402 2322 --
1424 2286 1494 2344 ad
1513 2285 1682 2336 rebell.
1705 2313 1775 2323 -—
1795 2290 2035 2352 proxim„
2062 2287 2142 2336 die
2161 2286 2336 2336 beiden

1333 2352 1509 2403 Tbeile
1538 2353 1925 2403 des-Scblusses
1959 2355 2092 2404 ‘ohne
2127 2355 2207 2404 die
2249 2355 2337 2404 das

1332 2422 1556 2485 logiscbe
1580 2421 1901 2482 Verhiiltniss
1933 2422 2334 2472 bezeichnenden

1334 2489 1609 2540 Partikeln.
1629 2519 1696 2527 —-
1708 2494 2133 2556 proximumetc„
2152 2506 2338 2542 voran-

1333 2558 1572 2623 gestellte
1606 2558 1918 2622 Erkliirung‚
1961 2559 2057 2609 wie
2103 2567 2246 2610 sonst
2284 2559 2342 2610 id

1333 2627 1482 2693 quod,
1508 2642 1570 2675 an
1595 2628 1673 2677 die
1700 2628 1803 2676 sich
1827 2629 1880 2677 in
1904 2628 2097 2693 latroc„
2122 2643 2163 2677 3.
2186 2628 2233 2692 2,
2254 2628 2336 2690 48,

1334 2696 1381 2759 5,
1408 2711 1466 2745 30
1492 2696 1817 2757 anschliesst‚
1843 2697 1924 2745 als
1945 2695 2008 2745 ob
2032 2699 2082 2744 in
2106 2697 2178 2760 id,
2206 2696 2344 2761 quod

1331 2764 1716 2826 vorausgienge.
1764 2762 1932 2815 Ueber
1963 2764 2041 2813 die
2067 2762 2338 2813 Nachstel-

1330 2832 1453 2895 lung
1486 2832 1575 2882 des
1600 2831 1829 2882 Relativs
1863 2847 1904 2881 s.
1940 2831 2030 2894 27,
2065 2830 2120 2894 8,
2160 2829 2237 2880 16.
2270 2859 2339 2868 -

1331 2902 1550 2967 hospitis
1572 2922 1642 2943 =
1659 2900 1911 2964 hospitiis.
1939 2926 2006 2936 —-
2028 2898 2100 2948 ad
2123 2898 2335 2948 Zweck:

1331 2969 1408 3018 als
1435 2969 1508 3017 sie
1536 2968 1773 3017 wahrend
1794 2968 1885 3016 des
1912 2965 2213 3018 Urlaubs·—-
2245 2967 2339 3017 Be-

1331 3035 1610 3098 diirl'nisse,
1637 3034 1942 3086 Geschiiften
1981 3036 2337 3098 naebgiengen3

1331 3105 1460 3154 iiber
1493 3120 1620 3154 usus
1646 3119 1686 3152 3.
1715 3102 1870 3164 6,“25·,
1899 3102 1956 3163 93
1986 3102 2067 3165 22,
2094 3103 2172 3166 12,
2199 3103 2228 3153 8
2255 3103 2337 3168 34,

1332 3170 1506 3236 6,13,
1537 3188 1586 3222 ιι.
1609 3188 1678 3235 3.,
1711 3171 1814 3233 vgl.
1834 3186 1876 3221 c.
1898 3170 1990 3233 32,
2025 3171 2083 3232 23
2121 3172 2179 3232 33
2215 3171 2337 3222 Tac.

1333 3240 1392 3290 H.
1425 3241 1469 3300 1,
1497 3240 1586 3289 46:
1619 3256 1745 3309 pars
1765 3239 2017 3306 manipuli
2039 3255 2227 3308 sparsa
2243 3257 2340 3308 per

1333 3313 1645 3360 commeatus
1668 3336 1737 3346 —
1758 3324 1851 3375 per
1883 3309 2149 3359 latrocinia
2175 3313 2227 3359 et
2255 3325 2341 3360 ra·

1326 3382 1565 3446 ptus-'aut
1580 3377 1847 3429 servilibus
1862 3379 2104 3442 negotiis.

1401 3445 1569 3495 3—4.
1617 3451 1769 3497 notas
1792 3463 1838 3495 n.
1865 3445 2246 3508 insidiantibus,
2275 3461 2335 3496 zu

1330 3515 1643 3570 insz’diantib.
1684 3515 1751 3564 ist
1792 3514 1984 3565 wieder
2022 3530 2086 3562 zu
2118 3515 2337 3564 denken:

1330 3585 1387 3632 in.
1407 3583 1634 3633 latebris,
1656 3610 1711 3619 —-
1737 3587 2016 3648 postremo,
2038 3582 2115 3631 als
2127 3583 2337 3632 obnicbt

1331 3650 1477 3710 alios,
1495 3666 1637 3716 pars,
1659 3650 1874 3699 sondern
1890 3653 2116 3717 primum
2158 3650 2338 3701 deinde

1331 3718 1696 3780 vorbergienge
1727 3744 1799 3754 —-
1827 3717 2069 3769 meditate
2100 3687 2227 3768 o³bne
2257 3721 2336 3780 ab,

1332 3800 1372 3835 3.
1401 3784 1490 3847 37,
1528 3786 1582 3847 7,
1622 3784 1709 3835 16:
1742 3800 1845 3835 non
1866 3802 1961 3854 per
1984 3786 2338 3837 Macedoniam

1330 3853 1482 3903 modo
1502 3853 1596 3903 sed
1617 3855 1771 3903 etiam
1797 3853 2078 3917 Thraciam,
2098 3856 2200 3917 vgl.
2221 3854 2268 3917 3,
2290 3853 2336 3916 6,

1334 3920 1510 3985 8310,
1537 3920 1626 3984 23,
1657 3922 1747 3983 1ος
1784 3922 1867 3987 23,
1894 3922 1984 3988 34,
2010 3923 2057 3972 8.
2082 3949 2152 3959 --
2173 3937 2336 3987 nego-

1334 3989 1512 4051 tion-di,
1531 3990 1622 4040 der
1632 3990 1820 4040 Handel
1842 3992 1933 4040 der·
1950 3991 2185 4039 Soldaten
2202 3990 2335 4052 (dass

1333 4058 1409 4108 sie
1437 4065 1566 4109 etwa
1594 4058 1675 4109 fiir
1700 4060 1789 4109 das
1815 4059 1950 4109 Heer
1972 4057 2220 4108 Einkiiufe
2246 4074 2335 4122 ge·-
