2861 4550
476 343 595 404 168
1104 336 1299 390 LIBER
1322 336 1542 390 xxxll.
1596 334 1739 389 CAP.
1766 335 1849 388 37.
1876 335 1958 386 38.
2377 360 2420 389 ιι.
2439 359 2485 388 ιι.
2502 350 2617 393 557.

282 497 291 501 ’
399 508 428 558 3
472 515 585 577 que
624 493 879 574 regionis
919 493 1044 554 eius
1075 489 1282 566 situm,
1318 499 1381 553 ut
1415 490 1692 552 omnibus
1722 497 2053 570 appareret,
2096 489 2147 552 si
2176 489 2616 554 Demetriadem

472 582 533 642 in
563 579 897 653 Thessalia,
929 578 1256 640 Chalcidem
1285 577 1347 638 in
1378 577 1633 651 Euboea,
1669 576 2014 638 Corinthum
2045 574 2107 636 in
2135 573 2349 637 Achaia
2376 592 2480 636 rex
2509 584 2609 638 te-
2687 586 2694 590 ·

324 680 329 684 ’
399 681 429 730 4
471 674 651 741 neret,
680 682 803 726 non
831 682 1010 744 posse
1039 663 1276 724 liberam
1303 662 1600 724 Graeciam
1630 680 1780 736 esse,
1810 670 1872 722 et
1892 662 2090 742 ipsum
2114 660 2451 740 Philippum
2476 673 2613 723 non

466 750 949 812 contumeliosius
1001 767 1174 829 quam
1220 749 1412 810 verius
1465 747 1779 828 compedes
1826 767 1924 808 eas
1971 746 2241 808 Graeciae
2285 745 2605 827 appellare.

395 851 424 899 5
468 838 637 915 legati
678 835 885 897 deinde
922 836 1078 913 regis
1118 834 1475 908 intromissi3
1514 833 1725 913 quibus
1758 833 2084 912 longiorem
2115 831 2343 893 exorsis
2370 833 2606 895 oratio-

468 942 604 984 nem
633 921 823 983 brevis
855 919 1256 998 interrogatio,
1286 937 1639 981 cessurusne
1668 919 1739 980 iis
1770 918 1957 981 tribus
1989 917 2234 980 urbibus
2260 925 2437 991 esset,
2466 937 2605 979 ser-

470 1026 705 1069 monem
736 1005 957 1079 incidit,
989 1025 1120 1068 cum
1154 1005 1414 1067 mandati
1435 1004 1559 1066 -sibi
1589 1005 1660 1065 de
1681 1004 1733 1065 is
1757 1004 2106 1065 nominatim
2129 1011 2411 1082 negarent
2430 1003 2604 1083 quic·
2675 1031 2683 1036 ·

467 1112 661 1173 quam.
716 1092 805 1154 sic
833 1092 1041 1153 infecta
1070 1109 1212 1170 pace
1241 1090 1385 1170 regii
1414 1089 1674 1163 dimissi3
1711 1090 1986 1164 Quinctio
2016 1088 2262 1152 liberum
2290 1089 2602 1151 arbitrium

393 1197 425 1245 6
467 1178 627 1258 pacis
663 1196 730 1239 ac
751 1176 882 1238 belli
907 1176 1281 1256 permissum.
1335 1176 1495 1255 quod
1520 1184 1585 1237 ut
1607 1176 1750 1236 satis
1774 1175 2043 1255 apparuit
2063 1190 2187 1235 non
2212 1175 2440 1235 taedere
2461 1174 2602 1236 belli

468 1273 761 1334 senatum,
807 1273 863 1323 et
904 1262 1030 1341 ipse
1059 1260 1332 1322 victoriae
1365 1280 1538 1340 quam
1569 1260 1729 1340 pacis
1760 1261 1989 1322 avidior
2019 1279 2208 1340 neque
2238 1260 2600 1340 colloquium

467 1359 671 1428 postea
701 1348 974 1427 Philippo
1015 1346 1173 1408 dedit
1213 1364 1401 1425 neque
1436 1347 1784 1425 legationem
1813 1347 2008 1421 aliam,
2047 1365 2224 1425 quam
2254 1363 2404 1426 quae
2434 1346 2601 1407 omni

466 1435 704 1495 Graecia
735 1433 936 1496 decedi
967 1432 1282 1505 nuntiaret,
1313 1431 1712 1493 admissurum
1744 1431 1903 1492 dixit.

360 1519 456 1580 38·
637 1517 945 1597 Philippus
986 1536 1120 1578 cum
1163 1516 1283 1578 acie
1324 1518 1757 1578 decernendum
1804 1518 2023 1579 videret
2050 1524 2106 1579 et
2135 1516 2396 1596 undiqm
2426 1516 2497 1579 ad
2532 1536 2600 1578 se

391 1617 424 1666 2
466 1605 897 1666 contrahendas
935 1603 1116 1676 vireS,
1159 1602 1410 1663 maxime
1453 1603 1523 1663 de
1552 1601 1800 1664 Achaiae
1831 1600 2102 1676 urbibuS‚
2141 1601 2398 1680 regionis
2429 1602 2501 1664 ab
2533 1621 2599 1664 se

465 1690 750 1762 diversae,
790 1697 848 1749 et
885 1689 1070 1767 magis
1112 1695 1308 1750 tamen
1348 1689 1419 1748 de
1449 1688 1618 1766 Argis
1659 1706 1832 1768 quam
1868 1688 1939 1748 de
1968 1687 2248 1750 Corintho
2287 1687 2593 1762 sollicituS,

465 1775 754 1853 optimum
785 1784 946 1835 ratus
972 1773 1180 1835 Nabidi
1211 1792 1341 1835 eam
1360 1772 1959 1835 Lacedaemoniorum
1990 1781 2237 1856 tyranno
2262 1772 2417 1838 velut
2437 1774 2593 1836 fidu-

466 1861 699 1921 ciariam
729 1859 882 1933 dare,
907 1868 973 1921 ut
1003 1859 1207 1921 victori
1236 1858 1346 1920 sibi
1378 1859 1738 1935 restituerem
1768 1858 1818 1921 si
1849 1858 1986 1938 quid
2018 1859 2248 1921 adversi
2269 1858 2591 1930 accidisset,

469 2039 565 2073 nur
581 2024 708 2074 kurz
728 2024 1223 2089 zusammengefasst,
1247 2039 1354 2074 was
1379 2023 1476 2074 Po-

470 2092 572 2158 lyb.
593 2108 635 2141 c.
660 2091 745 2141 11:
773 2087 898 2144 οὔτε
917 2090 1029 2160 γὰρ
1047 2092 1475 2156 Πελοποννησί-

469 2177 564 2216 ους
582 2168 677 2210 etc.
687 2161 1301 2224 ausein'andernetzt,vgl.
1315 2160 1378 2211 ib.
1393 2161 1472 2223 18,

468 2227 558 2290 283
595 2227 803 2296 Appian.
830 2245 874 2280 c.
901 2228 959 2291 8;
993 2229 1125 2281 Plut.
1151 2228 1364 2280 Flamin.
1394 2228 1472 2281 10.

462 2325 532 2334 -
547 2297 872 2364 Demetrium,
892 2296 974 2357 31,
996 2298 1075 2362 24,
1098 2297 1144 2348 1.
1164 2324 1234 2336 -—-
1255 2296 1475 2349 Chalcia.

465 2365 552 2431 31,
579 2365 673 2430 23,
704 2365 793 2429 113
821 2365 914 2423 33,
939 2365 1021 2428 31,
1047 2364 1095 2416 3.
1121 2394 1191 2403 -
1211 2372 1473 2419 non-cont.

462 2450 510 2498 q.
534 2450 659 2497 ver„
689 2450 730 2484 s,
758 2433 840 2495 31,
867 2433 949 2490 35.
975 2433 1023 2483 4.

471 2532 483 2543 ·
531 2501 681 2551 5-6,
712 2501 1034 2553 mandati—
1053 2502 1238 2569 quidq„
1264 2518 1305 2552 s.
1325 2519 1368 2552 c.
1395 2502 1475 2567 13,

467 2568 522 2630 7,
547 2584 609 2618 an
634 2585 683 2619 ιι.
709 2568 785 2620 St.
812 2577 972 2620 etwas
996 2571 1196 2631 Miner,
1221 2571 1340 2620 weil
1363 2588 1477 2621 esse

466 2636 610 2687 fehlt.
633 2665 703 2674 —
722 2638 864 2704 quod
892 2642 975 2701 ut,
1011 2638 1106 2688 wie
1137 2637 1274 2704 quod
1302 2641 1394 2689 ubi
1422 2657 1472 2690 u.

465 2704 530 2769 ii„
547 2706 672 2755 doch
690 2705 759 2756 ist
776 2707 857 2757 die
877 2705 1202 2770 Verbindung
1219 2723 1316 2756 von
1339 2708 1477 2773 quod

462 2774 555 2823 mit
585 2779 648 2825 ut
684 2774 734 2824 in
769 2774 939 2825 dieser
969 2774 1261 2839 Bedeutung
1293 2777 1473 2840 seiten,

464 2856 505 2892 s.
536 2841 594 2892 Z.
620 2840 671 2907 §-
697 2841 826 2904 8073
860 2843 1047 2892 andere
1074 2842 1364 2906 Bedeutung
1389 2846 1474 2894 hat

462 2915 523 2961 ut
561 2910 687 2960 Plin.
734 2910 813 2973 18,
857 2909 938 2976 23,
984 2910 1107 2972 194;
1152 2910 1343 2975 Vergil.
1391 2912 1472 2977 10,

462 2977 558 3028 631
575 2996 590 3042 3
610 2979 743 3031 Voss
760 2980 1048 3030 vermuthet
1064 2982 1152 3030 cui
1167 2980 1318 3046 (quoi)
1339 2996 1472 3031 cum.

460 3075 530 3085 --
561 3063 714 3114 quam
740 3062 854 3117 pac.
898 3048 963 3098 im
998 3046 1284 3111 Gegensatz
1330 3065 1394 3098 zu
1426 3066 1471 3099 c.

463 3114 553 3178 32,
595 3115 650 3166 6:
694 3116 1083 3167 condicionibus.
1128 3143 1197 3155 --
1229 3116 1405 3168 decedi
1428 3134 1471 3167 s.

462 3183 550 3247 29,
586 3181 640 3242 3,
667 3182 730 3242 33
765 3183 853 3250 33,
890 3185 945 3247 5,
985 3183 1006 3232 1
1051 3200 1099 3233 u.
1127 3183 1217 3234 oft.
1265 3185 1365 3234 Das
1390 3185 1470 3235 bei

461 3250 638 3314 Polyb.
663 3249 896 3313 folgende
916 3250 1022 3300 Lob
1040 3252 1130 3300 des
1151 3250 1358 3302 Flamin.
1386 3254 1472 3303 hat

459 3317 516 3368 L.
537 3317 875 3381 iibergangen,
894 3318 988 3371 den
1011 3318 1216 3382 Abgang
1232 3320 1325 3369 der
1342 3319 1472 3370 Con·-

461 3386 573 3436 suln
598 3386 647 3435 in
675 3386 755 3435 die
779 3386 1014 3448 Provinz,
1040 3386 1264 3436 welchen
1288 3387 1467 3454 Polyb.

461 3453 641 3516 richtig
666 3461 774 3504 erst
793 3454 901 3504 hier
926 3452 1171 3518 erwiihnss
1194 3470 1470 3520 vorausge-

460 3537 702 3583 notamen,
732 3538 772 3572 ε.
801 3538 844 3573 c.
872 3521 955 3572 29.
981 3521 1065 3572 32.

528 3579 805 3641 38-40.
853 3591 1205 3643 Verhiiltnisse
1243 3592 1330 3642 des
1358 3592 1464 3660 Ty-

459 3673 645 3708 rannen
672 3658 845 3711 Nabis,
870 3658 1046 3727 Polyb.
1078 3659 1161 3725 17,
1192 3660 1326 3723 16f.;
1362 3661 1469 3712 Zo-

462 3741 566 3777 nar.
592 3726 641 3790 9,
673 3727 761 3789 16;
787 3726 965 3778 lustin.
991 3727 1073 3792 30,
1099 3728 1148 3780 4.

532 3795 634 3844 1—
650 3794 699 3845 2.
746 3797 975 3847 Achaiae
997 3798 1134 3863 urb„
1169 3812 1348 3848 ausser
1370 3800 1464 3850 den

460 3862 569 3913 hier
586 3864 666 3914 die
684 3881 728 3914 c.
751 3865 856 3928 5,-4
875 3865 1182 3916 erwiihnteu.
1208 3894 1277 3905 --—
1300 3868 1469 3919 direr-

459 3947 571 3996 sae,
604 3933 726 3983 nach
762 3933 905 3985 einer
925 3933 1113 3983 andern
1140 3933 1466 4000 Himmelsge-

457 4001 587 4061 gend
621 4002 854 4067 malagon,
898 4001 1029 4052 also:
1070 4001 1211 4066 fern3
1256 4002 1355 4055 Cic.
1400 4006 1464 4056 de

1583 2024 1697 2090 imp.
1731 2022 1901 2091 Pomp.
1949 2022 2035 2090 16,
2076 2022 2167 2075 46:
2211 2040 2282 2075 ex
2320 2022 2446 2074 loeis
2488 2027 2595 2075 tam

1581 2108 1839 2211 iissi'fi‘ffiqm
1862 2092 2162 2224 αἷιῖῗιζῗῗὲῗζ
2165 2108 2331 2212 '‘15⁹3‘'
2316 2092 2455 2211 ἐιῗιῗέ
2461 2107 2504 2142 w
2495 2108 2593 2212 fvfe

1584 2228 1633 2280 in
1668 2229 2126 2295 Vergleichungen,
2160 2244 2201 2281 s.
2239 2229 2293 2294 9,
2333 2229 2414 2296 10,
2452 2228 2511 2292 33
2545 2228 2591 2292 2,

1589 2297 1674 2360 13,
1703 2298 1750 2348 8.
1777 2327 1840 2335 —
1868 2302 1920 2348 et
1940 2314 2082 2364 mag.
2109 2302 2260 2360 tarn„
2298 2298 2402 2361 vgl.
2428 2298 2518 2363 33,
2546 2299 2593 2361 4,

1585 2365 1648 2427 2,
1685 2374 1812 2417 statt
1845 2368 1934 2417 des
1972 2365 2231 2417 einfachen
2268 2368 2591 2418 concessiven

1586 2433 1992 2485 Verhiiltnisses:
2034 2439 2266 2487 mame
2296 2436 2498 2502 qra‘dem
2525 2463 2592 2473 —

1582 2505 1754 2568 magis
1774 2508 1943 2554 tamen
1957 2504 2025 2554 ist
2038 2503 2130 2554 der
2142 2503 2427 2568 Gegensatz
2438 2505 2590 2555 durch

1584 2574 1637 2620 et
1659 2586 1753 2620 ιιιιι·
1783 2572 2131 2634 beigeordnet3
2168 2578 2217 2624 et
2237 2600 2310 2615 ι·-
2332 2577 2385 2624 et
2408 2577 2590 2637 tanen,

1583 2653 1623 2689 s.
1663 2638 1753 2700 21,
1790 2640 1845 2702 3,
1881 2638 1938 2699 3,
1986 2655 2094 2690 war
2124 2656 2185 2691 an
2219 2657 2271 2691 ιι.
2306 2641 2390 2692 St.-
2415 2656 2589 2705 wegen

1579 2710 1809 2758 mamime
1827 2708 1965 2759 nicht
1985 2709 2216 2772 mogunti,
2243 2725 2284 2759 s,
2308 2708 2514 2774 Quintil.
2542 2709 2586 2774 4,

1583 2774 1637 2837 1,
1679 2775 1765 2824 16:
1799 2777 1984 2825 andere
2018 2777 2086 2827 ist
2118 2776 2221 2826 Cic.
2248 2776 2398 2827 Tusc.
2426 2776 2480 2839 1,
2517 2777 2591 2842 12,

1579 2842 1663 2893 27.
1737 2843 1903 2895 Ueber
1951 2845 2029 2895 die
2081 2844 2383 2908 Steigerung
2438 2846 2590 2895 durch

1580 2912 1674 2961 den
1702 2911 2021 2979 Comparativ
2054 2914 2178 2963 nach
2213 2914 2322 2963 dem
2345 2913 2588 2980 Superla·

1582 2979 1657 3029 tiv
1682 2996 1724 3029 s,
1747 2981 1805 3044 4,
1838 2979 1896 3029 13
1913 3017 1926 3043 ,
1956 2981 2002 3030 1.
2026 3009 2096 3018 -
2120 2998 2233 3032 eam
2255 2982 2409 3032 durch
2436 2998 2586 3048 sync-

1581 3048 1653 3097 sis
1671 3048 1763 3097 auf
1773 3050 1938 3111 Argos
1957 3048 2196 3112 bezogen.
2219 3077 2287 3086 —
2304 3049 2452 3115 velut,
2474 3050 2588 3100 weil

1566 3115 1850 3182 fiduciaria
1874 3133 1972 3167 von
1999 3116 2333 3181 juristischen
2357 3118 2448 3168 auf
2464 3119 2589 3184 poli-

1580 3183 1738 3234 tische
1772 3184 2126 3236 Verhiiltnisse
2162 3186 2463 3249 iibertragen
2498 3187 2586 3238 ist:

1580 3250 1691 3302 eine
1718 3253 1898 3318 Sacbe,
1935 3253 2016 3303 die
2040 3253 2131 3304 auf
2149 3253 2287 3304 Treu
2309 3256 2409 3304 und
2433 3253 2586 3306 Glau-

1579 3319 1673 3370 ben
1699 3322 1859 3371 einem
1884 3329 2181 3373 auvertraut
2203 3323 2359 3385 wind,
2395 3339 2477 3374 um
2512 3324 2586 3374 sie

1579 3403 1642 3437 zu
1674 3390 1946 3453 gelegencr
1979 3389 2097 3440 Zeit
2130 3406 2227 3441 von
2270 3392 2366 3441 ihm
2400 3392 2588 3442 wieder

1576 3472 1639 3505 zu
1672 3459 1925 3518 erbalten‚
1961 3473 2002 3508 s,
2040 3457 2193 3509 Gaius
2229 3458 2286 3524 2,
2323 3460 2418 3521 603
2441 3460 2587 3527 fidu-

1575 3528 1654 3576 cia
1695 3528 2019 3577 contrahitur
2049 3532 2142 3578 aut
2172 3542 2289 3579 cum
2319 3528 2588 3590 creditore,

1570 3597 1810 3663 pignoris
1833 3598 1963 3657 iure,
1989 3599 2083 3647 aut
2106 3612 2222 3648 cum
2246 3600 2427 3661 αιηὶοο,
2454 3599 2590 3664 quod

1577 3666 1741 3714 tulius
1763 3668 1975 3715 nostrae
1995 3679 2082 3716 res
2104 3665 2245 3734 apud
2263 3682 2386 3718 eum
2407 3672 2588 3733 essent,

1575 3734 1625 3781 si
1651 3732 1854 3798 quidem
1888 3748 2004 3784 cum
2026 3736 2192 3785 amico
2218 3740 2486 3787 contracta
2518 3739 2589 3786 sit

1570 3799 1728 3865 fides,
1789 3816 1915 3852 sane
1974 3806 2113 3855 omni
2161 3804 2311 3854 modo
2366 3820 2459 3855 con
2496 3807 2592 3856 etit

1572 3885 1704 3920 usus
1741 3872 1982 3937 receptio.
2016 3899 2086 3910 --
2119 3874 2305 3925 victori
2333 3874 2422 3923 das
2479 3873 2588 3936 ogi·-

1573 3937 1689 3987 sche
1715 3937 2034 3990 Verhiiltniss
2069 3941 2138 3992 ist
2159 3956 2250 3991 aus
2274 3943 2326 3993 si
2344 3940 2467 4008 quid
2487 3948 2585 3993 etc.

1572 4020 1637 4054 zu
1661 4005 1932 4057 erkennen.
