2861 4550
384 1772 411 1822 Οἵ

465 329 588 393 330

1073 329 1261 383 LIBER
1298 330 1543 383 XXXIV.
1597 329 1739 382 CAP.
1766 330 1849 382 47.
1877 328 1961 381 48.

2348 353 2392 383 ⁸.
2413 341 2577 385 mm·

385 550 393 561 „
462 484 595 562 fuga
622 501 783 555 nunc
809 483 1046 546 victoria
1076 486 1209 548 fuit:
1251 484 1553 549 Gallorum
1593 492 1793 548 tamen
1822 485 1896 549 ad
1924 483 2193 547 undecim
2223 481 2410 571 milia,
2448 482 2579 545 Ro-

353 574 437 634 48
462 587 772 631 manorum
814 569 1067 650 quinque
1105 572 1263 633 milia
1301 581 1442 632 sunt
1480 571 1688 634 occisa.
1775 570 1920 632 Galli
1959 589 2232 651 recepere
2269 568 2331 631 in
2367 567 2579 631 intima

461 655 664 716 finium
705 673 862 729 sese;
901 658 1109 718 consul
1146 657 1501 719 Placentiam
1538 656 1796 735 legiones
1836 655 2013 717 duxit.
2102 654 2437 735 Scipionem
2482 654 2580 716 alii

462 741 775 801 coniuncto
807 741 1062 803 exercitu
1092 761 1225 805 cum
1258 743 1475 820 collega
1516 760 1624 822 per
1650 742 1933 803 Boiorum
1961 740 2357 820 Ligurumque
2398 758 2581 818 agros

461 826 837 905 populantem
871 826 1021 901 isse,
1064 828 1257 908 quoad
1296 827 1574 907 progredi
1615 827 1791 888 silvae
1819 826 2177 906 paludesque
2204 843 2414 906 passae
2441 824 2580 896 sint,

460 911 742 986 scribunt,
773 911 867 973 alii
890 915 1046 976 nulla
1068 913 1428 974 memorabili
1453 920 1618 994 gesta
1642 931 1706 974 re
1728 912 1980 974 Romam
2005 911 2379 973 comitiorum
2403 927 2580 975 causa

459 997 705 1059 redisse.

629 1082 851 1142 Eodem
883 1100 1038 1145 anno
1063 1084 1131 1144 T.
1165 1082 1476 1157 Quinctius
1498 1082 1733 1157 Elatiae,
1765 1100 1885 1162 quo
1914 1082 1977 1143 in
2003 1082 2244 1145 hiberna
2270 1082 2583 1145 reduxerat

462 1167 692 1245 copiaS‚
735 1175 925 1228 totum
966 1169 1175 1229 hiemis
1215 1177 1453 1250 tempus
1494 1172 1621 1232 iure
1650 1168 1897 1230 dicendo
1928 1167 2300 1248 consumpsit
2339 1174 2579 1229 mutan-

458 1252 667 1331 disque
694 1252 784 1324 iis,
816 1271 961 1331 quae
992 1263 1091 1315 aut
1119 1254 1305 1333 ipsius
1336 1256 1595 1336 Philippi
1625 1262 1725 1316 aut
1747 1254 2175 1333 praetectomm
2197 1253 2322 1316 eius
2343 1251 2581 1315 licentia

458 1337 518 1397 in
550 1336 870 1398 civitatibus
903 1338 1048 1400 sacta
1073 1347 1263 1413 erant,
1315 1361 1448 1403 cum
1481 1360 1622 1404 suae
1651 1338 1919 1402 factionis
1947 1339 2254 1401 hominum
2284 1339 2440 1401 vires
2470 1355 2579 1399 au-

458 1422 646 1499 gendo
677 1421 768 1483 ius
799 1441 867 1484 ac
892 1423 1212 1486 libertatem
1243 1425 1493 1489 aliorum
1524 1427 1933 1508 deprimerent.
1988 1424 2139 1485 veris
2167 1424 2333 1487 initio
2363 1422 2578 1484 Corin-

456 1508 625 1569 thum
657 1518 950 1571 conventu
980 1511 1167 1573 edicto
1199 1513 1373 1574 venit.
1417 1514 1497 1574 ibi
1528 1511 1794 1574 omnium
1826 1509 2140 1574 civitatium
2169 1509 2493 1589 legationes
2514 1507 2579 1569 in

460 1593 752 1655 contionis
784 1595 1025 1657 modum
1059 1597 1441 1661 circumfusas
1473 1607 1564 1659 est
1593 1598 1898 1659 adlocutus
1916 1645 1932 1671 ‚
1963 1613 2155 1657 orsus·
2179 1594 2250 1656 ab
2278 1595 2420 1657 inita
2448 1593 2576 1673 pri·

456 1697 621 1739 mum
650 1679 932 1742 Romanis
976 1683 1225 1745 amicitia
1257 1703 1389 1746 cum
1423 1684 1783 1745 Graecorum
1828 1692 1999 1760 gente
2040 1690 2097 1742 et
2134 1680 2578 1761 imperatorum,

458 1763 557 1843 qui
586 1772 720 1825 ante
752 1786 815 1826 se
853 1766 914 1826 in
946 1767 1284 1830 Macedonia
1323 1769 1595 1843 fuissent,
1639 1767 1881 1846 suisque
1906 1769 2084 1830 rebus
2115 1768 2314 1846 gestis,
2366 1763 2576 1827 omnia

454 1867 588 1911 cum
616 1851 1043 1930 approbatione
1070 1853 1289 1932 ingenti
1321 1863 1460 1916 sunt
1480 1856 1689 1928 audita,
1719 1862 2125 1934 praeterquam
2152 1871 2283 1915 cum
2309 1851 2382 1915 ad
2404 1867 2575 1911 men-

453 1934 676 1996 tionem
719 1936 960 1999 Nabidis
1004 1948 1243 2001 ventum
1288 1949 1473 2002 esset:
1517 1941 1576 2002 id
1618 1937 1862 2001 minime
1906 1937 2260 2002 conveniens
2305 1934 2574 1999 liberanti

455 2139 545 2198 21,
575 2138 654 2203 52,
682 2139 759 2189 11.
784 2166 856 2178 -
889 2145 1082 2204 tamen,
1119 2142 1342 2206 obgleich
1368 2145 1461 2194 der

456 2206 635 2268 Erfolg
658 2207 722 2258 im
750 2206 957 2259 Ganzen
979 2210 1145 2274 gleicb
1171 2225 1293 2262 war.

520 2264 627 2327 48·
684 2277 728 2330 l.
772 2277 951 2334 Beier.
1000 2280 1140 2345 Lt’g„
1188 2281 1300 2331 also
1343 2282 1461 2333 eine

451 2360 579 2409 ganz
601 2348 790 2397 andere
813 2347 1125 2414 Erziiblunffi
1154 2350 1280 2401 doch
1305 2351 1463 2401 findet

453 2414 558 2462 sich
568 2412 926 2482 Ligurumque
942 2433 1038 2466 nur
1056 2418 1103 2466 in
1124 2418 1217 2468 der
1232 2417 1463 2468 Mainzer

453 2481 538 2530 Hs.
588 2483 689 2531 und
731 2483 946 2550 paludes
995 2486 1190 2536 scbcint
1235 2488 1462 2549 weniger

450 2546 541 2598 auf
555 2549 643 2598 das
661 2548 799 2601 Laud
819 2552 911 2600 der
928 2552 1145 2615 Ligurer
1164 2569 1225 2602 zu
1244 2569 1457 2619 passen3

453 2616 647 2666 wieder
677 2619 1005 2670 verschieden
1045 2621 1295 2674 berichtet
1327 2621 1458 2672 Cor-

450 2684 548 2734 nel.
588 2684 710 2736 Cato
744 2686 800 2736 2:
835 2690 908 2738 ibi
933 2689 1015 2750 (in
1037 2689 1305 2757 Hispania)
1334 2690 1459 2742 dum

449 2753 645 2805 diutius
672 2747 835 2820 (Cato)
860 2762 1175 2822 moraretur,
1201 2758 1262 2809 P.
1285 2756 1458 2826 Scipio

448 2822 629 2873 consul
646 2826 835 2875 iterum
852 2853 922 2862 —
938 2826 1099 2877 voluit
1122 2843 1239 2878 eum
1256 2826 1318 2878 de
1331 2842 1458 2895 pro·

447 2893 611 2942 vincia
633 2891 882 2960 depellere
905 2898 958 2944 et
977 2897 1089 2962 ipse
1115 2899 1166 2946 ei
1187 2896 1459 2947 succedere

445 2976 605 3025 neque
626 2960 720 3011 hoc
741 2977 836 3028 per
858 2968 1095 3014 amatum
1127 2964 1337 3031 efficere
1363 2980 1461 3032 po-

450 3032 563 3080 tuit.
599 3056 668 3066 -—-
702 3045 804 3095 qua
835 3045 895 3081 re
924 3033 1096 3082 iratus
1129 3038 1314 3084 senatu
1341 3048 1460 3084 con-

447 3097 623 3148 sulatu
666 3103 876 3166 peracto
934 3103 1166 3167 privatus
1231 3103 1286 3151 in
1333 3104 1461 3153 urbe

446 3167 669 3223 mansi&
711 3167 835 3215 nach
869 3166 1002 3217 Plut.
1043 3166 1149 3218 Cat.
1189 3168 1246 3219 11
1296 3170 1462 3220 erbiilt

448 3231 614 3298 Scipio
640 3230 856 3298 Sp'anien
883 3250 977 3283 zur
994 3234 1226 3300 Provinz,
1249 3252 1291 3286 s.
1312 3253 1355 3286 c.
1376 3236 1459 3303 43,

448 3297 505 3348 3:
554 3295 619 3350 οὐ
666 3297 781 3369 μὴν
822 3293 960 3352 ἀλλὰ
1005 3303 1101 3365 τῆς
1148 3299 1460 3371 συγκλήτου

451 3368 851 3435 ψηφισαμένης
867 3367 1048 3437 μηδὲν
1057 3365 1343 3424 ἀλλάττειν
1351 3389 1458 3454 μη·-

448 3434 511 3487 δὲ
561 3440 737 3489 κινεῖν
787 3438 896 3489 τῶν
913 3436 1299 3507 ,ῥιῳκημένων
1342 3438 1455 3492 υπὸ

446 3496 716 3560 Κάτωνος
738 3533 807 3544 --
824 3502 885 3557 ἐν
902 3502 1152 3576 ἀπραξίᾳ
1170 3508 1262 3558 καὶ
1283 3509 1458 3580 σχολῇ

446 3566 633 3641 μάτην
657 3569 885 3637 διῆλθε,
913 3575 1036 3626 Cato
1063 3577 1262 3627 sclieinl:
1284 3576 1332 3626 in
1359 3577 1456 3628 Be·-

450 3656 549 3704 zug
571 3637 659 3690 auf
682 3639 821 3690 diese
839 3640 1192 3695 Verhiiltnisse
1218 3646 1297 3695 die
1318 3644 1456 3696 Rede

449 3709 643 3762 Gellius
662 3708 745 3773 20,
766 3707 813 3771 2,
838 3708 890 3762 1:
912 3729 979 3763 ne
998 3716 1271 3780 imperium
1287 3718 1358 3765 eit
1374 3731 1459 3765 ve-

446 3782 563 3842 teri,
597 3779 688 3830 ubi
710 3792 874 3828 novus
899 3786 1096 3832 venerit
1126 3783 1359 3846 gehalten
1390 3799 1456 3833 zu

443 3848 639 3899 baben..
664 3873 733 3884 —
751 3863 820 3915 po
860 3886 873 3899 .
898 3852 1017 3912 isse,
1045 3848 1126 3914 28,
1149 3851 1232 3916 46,
1262 3852 1341 3902 14.

512 3907 632 3981 48,
677 3914 787 3965 2-
879 3948 899 3969 .
948 3917 1208 3984 Quinctius
1243 3920 1456 3984 Abgang

443 4000 534 4042 aus
595 3984 961 4045 Griechenland
1023 3987 1121 4042 und
1179 3986 1450 4059 Triumph3

1567 2143 1699 2195 Plut.
1727 2142 1875 2195 Titus
1904 2143 2003 2194 1212
2020 2158 2034 2206 3
2054 2142 2203 2194 Diod.
2230 2141 2326 2208 28,
2357 2140 2449 2203 143
2475 2138 2578 2190 Zo-

1568 2227 1675 2263 nar.
1701 2212 1732 2262 9
1781 2212 1857 2263 18.

1632 2282 1682 2333 2.
1716 2250 1827 2333 σόἀ.
1859 2298 2019 2345 meno,
2052 2282 2176 2331 nach
2210 2280 2307 2330 den
2340 2295 2385 2330 c.
2418 2277 2482 2328 41
2543 2278 2572 2327 7

1568 2351 1830 2402 erziiblten
1876 2350 2205 2413 Ereignissen
2250 2348 2326 2398 bis
2377 2347 2426 2396 iu
2483 2315 2574 2396 das

1568 2417 1821 2484 Friibjabr
1866 2418 1961 2467 194
2001 2433 2047 2468 a.
2091 2416 2177 2467 Cb.
2217 2442 2286 2453 -
2326 2429 2449 2481 quc,
2492 2414 2574 2465 die

1567 2485 1751 2537 Mainz.
1791 2486 1879 2536 Hs,
1922 2503 1992 2536 ex
2030 2501 2144 2553 quo.
2187 2512 2252 2521 —
2300 2486 2417 2535 iure
2455 2481 2576 2545 dic„

1566 2554 1944 2617 Entscheidung
1958 2569 2059 2605 von
2073 2552 2458 2613 Rechtssucben‚
2476 2551 2577 2601 wie

1567 2630 1712 2678 sonst
1744 2624 1825 2673 die
1849 2622 2159 2674 Proconsuln
2192 2622 2243 2671 in
2276 2622 2417 2670 ihren
2452 2618 2578 2669 Pro-

1567 2691 1775 2754 vinzen,
1823 2691 2062 2744 wiibrend
2112 2690 2176 2740 im
2218 2687 2576 2750 vorliegenden

1567 2758 1712 2809 Falle
1734 2759 1837 2810 wol
1870 2760 2014 2810 mehr
2044 2758 2124 2812 die
2150 2757 2462 2820 Anordnung
2484 2756 2578 2805 der

1566 2827 2091 2879 Rechtsverbiiltnisse
2149 2826 2428 2891 iiberbaupt
2485 2838 2576 2886 ge·

1566 2895 1723 2946 meint
1741 2895 1826 2958 ist,
1839 2895 1921 2962 38,
1933 2894 2013 2958 39,
2025 2896 2072 2945 5.
2098 2893 2348 2956 mutand„
2367 2892 2575 2954 {index-n,

1567 2964 1825 3028 besem-en,
1851 2965 1973 3015 nach
1994 2963 2105 3013 dem
2123 2961 2269 3027 Folg.
2293 2960 2576 3012 Staatsein-

1566 3034 1860 3096 richtnngen
1886 3031 2084 3095 treffen,
2110 3031 2262 3081 durch
2282 3030 2475 3080 welche
2494 3029 2576 3079 die

1568 3100 1905 3167 Gegenpartei
1932 3098 2237 3154 beschriinkt
2262 3098 2416 3159 wird3
2442 3095 2577 3148 Plut.

1564 3170 1601 3220 l.
1627 3170 1663 3219 1.
1688 3165 2000 3238 ἐπιφοιτῶν
2022 3170 2144 3224 ταῖς
2167 3160 2402 3219 πόλεσιν
2422 3159 2578 3218 εὐνο-

1613 3240 1705 3289 ίαν
1748 3232 1867 3306 ἅμα
1902 3235 1996 3287 καὶ
2025 3233 2189 3300 δίκην
2220 3263 2289 3273 --
2321 3237 2574 3302 παρεῖχε.

1563 3255 1655 3357 ssie
1749 3305 2091 3356 bestebenden
2184 3303 2576 3367 Einrichtungen

1566 3371 1729 3424 selbst
1772 3388 1942 3424 waren
1985 3373 2284 3424 schwerlich
2326 3371 2426 3421 alle
2474 3386 2575 3422 von

1566 3441 1820 3508 Philippus
1861 3444 2077 3493 sondern
2119 3442 2246 3494 auch
2287 3441 2442 3490 schon
2475 3454 2577 3491 von

1567 3509 1804 3560 friiberen
1845 3508 2074 3574 Riinigen
2107 3523 2474 3573 ansgegangen.
2505 3534 2578 3547 —

1567 3593 1697 3642 cum,
1723 3593 1765 3628 s.
1792 3576 1871 3644 33,
1898 3578 1945 3644 8,
1977 3579 2021 3629 1.

1636 3644 1802 3698 3-6,
1836 3650 1986 3713 veris,
2010 3648 2101 3697 des
2127 3663 2169 3698 c.
2194 3644 2260 3697 43
2281 3644 2580 3698 bezeichne-

1566 3721 1650 3766 ten
1677 3713 1872 3767 Jahres.
1896 3743 1966 3753 —
1993 3714 2220 3766 Corinth.
2247 3714 2376 3764 kann
2403 3730 2468 3764 zu
2493 3717 2576 3765 in-

1563 3782 1713 3848 dicto,
1732 3799 1779 3833 s.
1808 3800 1851 3834 c.
1877 3783 1960 3845 22,
1986 3782 2032 3850 6,
2056 3784 2157 3834 und
2181 3799 2248 3833 zu
2265 3785 2404 3834 venit
2416 3797 2576 3847 gezo·

1562 3867 1659 3917 gen
1683 3853 1906 3902 werden.
1928 3878 1998 3896 ε-
2019 3855 2289 3918 contionis,
2311 3866 2353 3901 s.
2371 3848 2420 3916 2,
2438 3850 2525 3916 23,
2542 3852 2575 3903 5

1561 3936 1611 3970 u.
1625 3934 1672 3971 a.
1684 3947 1750 3958 --
1768 3922 2024 3987 circumfi,
2047 3919 2125 3983 10,
2136 3918 2221 3985 25,
2234 3919 2579 3974 6.—-abinita

1557 4002 1658 4060 pr„
1676 4003 1718 4040 s.
1742 3987 1824 4054 32,
1838 3988 1884 4054 8,
1902 3988 1992 4052 135
2014 3987 2286 4040 Mommsen
2311 3985 2485 4055 1‚526.
2500 4015 2578 4029 --
