2861 4550
262 424 302 455 a.
326 412 409 453 oh.
432 412 523 452 196.

883 395 1072 447 LIBER
1108 385 1352 445 XXXHL'
1401 393 1539 444 CAP.
1565 392 1646 443 27..
1672 389 1737 442 28

2247 388 2371 452 219

263 552 505 632 chyllem
538 552 845 631 quendam,
878 567 1050 632 quam
1081 550 1238 631 quod
1268 549 1595 629 praefectus
1617 545 1977 610 Bbeotorum
2005 548 2158 628 apud
2181 565 2374 627 regem

262 638 634 699 militantium
684 638 914 711 fuisset,
964 638 1224 698 fecerunt
1263 634 1593 716 praeteritis
1630 634 1930 716 Zeuxippo
1971 641 2033 695 et
2068 633 2375 695 Pisistrato
2420 644 2450 695 9

263 722 529 804 aliisque,
565 722 663 802 qui
693 724 991 785 Romanae
1021 722 1315 783 societatis
1344 728 1614 782 auctores
1644 722 1887 781 fuerant.
1947 720 2004 780 id
2035 737 2203 799 aegre
2232 726 2290 781 et
2317 719 2376 779 in
2424 729 2485 779 10

261 807 591 888 praesentia
629 808 689 869 hi
729 809 887 889 passi
927 815 985 869 et
1023 808 1083 868 in
1123 810 1384 869 futurum
1424 806 1596 882 etiam
1637 814 1856 868 metum
1894 811 2202 885 ceperunt:
2241 822 2376 866 cum

262 895 335 955 ad
374 900 578 974 portas
618 912 808 974 prope
848 895 1084 955 sedente
1123 893 1377 953 exercitu
1414 891 1681 952 Romano
1722 910 1788 952 ea
1826 891 2060 963 fierent,
2101 890 2375 970 quidnam

264 997 330 1040 se
367 980 628 1041 futurum
670 996 803 1041 esse
839 978 1114 1060 profectis
1143 978 1204 1038 in
1235 976 1456 1039 Italiam
1485 976 1794 1050 Romanis,
1831 975 2104 1055 Philippo
2135 993 2378 1056 expro-
2427 989 2477 1039 11

263 1064 497 1144 pinquo‘
528 1064 723 1125 socios
763 1065 1067 1126 adiuvante
1101 1070 1159 1124 et
1194 1063 1408 1125 infesto
1439 1062 1543 1135 iis,
1584 1064 1682 1141 qui
1711 1062 1895 1141 partis
1925 1062 2200 1123 adversae
2231 1061 2377 1123 fuis-

265 1157 413 1210 sent.
481 1147 631 1211 Dum
672 1150 934 1212 Romana
972 1165 1133 1210 arma
1172 1148 1233 1209 in
1268 1142 1613 1227 propinquo
1644 1147 1951 1220 haberent,
1995 1147 2195 1207 tollere
2233 1147 2379 1208 Bra-
2415 1152 2498 1211 28

264 1233 534 1315 chyllem,
583 1235 910 1316 principem
952 1235 1243 1295 fautorum
1285 1233 1465 1312 regis,
1508 1240 1850 1294 statuerunt.
1881 1240 1966 1314 *et
2002 1240 2269 1311 tempore
2307 1233 2378 1293 ad
2423 1246 2452 1296 2

264 1339 390 1381 eam
439 1339 565 1380 rem
610 1330 810 1400 capto,
863 1338 994 1382 cum
1034 1319 1097 1379 in
1133 1317 1369 1399 publico
1409 1318 1674 1398 epulatus
1711 1326 2095 1379 reverteretur
2136 1319 2380 1380 domum

262 1405 616 1468 temulentus
647 1404 1143 1486 prosequentibus
1173 1404 1449 1464 mollibus
1469 1403 1627 1477 viris,
1659 1403 1756 1483 qui
1781 1404 1895 1465 ioci
1919 1422 2092 1465 causa
2116 1401 2379 1465 convivio

265 1490 471 1552 celebri
504 1492 907 1564 interfuerant,
937 1492 1008 1552 ab
1034 1509 1142 1552 sex
1172 1488 1438 1563 armatis»,
1474 1505 1727 1568 quorum
1758 1497 1878 1550 tres
1908 1489 2083 1551 Italici
2113 1497 2233 1550 tres
2265 1490 2381 1549 Ae-
2423 1503 2453 1552 3

264 1576 369 1637 toli
415 1575 606 1649 erant,
656 1577 1085 1638 circumventus
1135 1575 1436 1636 occiditur.
1495 1576 1627 1654 suga
1674 1576 1951 1635 comitum
1993 1582 2050 1634 et
2086 1573 2380 1653 quiritatio

263 1663 410 1723 facta
439 1662 809 1724 ettumultus
839 1679 947 1741 per
970 1668 1154 1722 totam
1182 1660 1386 1722 urbem
1411 1660 1860 1722 discurrentium
1885 1678 2018 1721 cum
2040 1659 2379 1721 luminibus.

263 1763 646 1828 percussores
669 1746 936 1828 proxima
959 1755 1128 1827 porta
1152 1753 1477 1808 evaserunt.
1527 1746 1654 1807 luce
1676 1747 1866 1826 prima
1891 1745 2088 1807 contio
2107 1746 2379 1825 frequens

264 1834 417 1894 velut
463 1851 534 1893 ex
581 1840 712 1893 ante
757 1832 977 1894 indicto
1027 1841 1128 1895 aut
1168 1851 1311 1893 voce
1351 1830 1664 1912 praeconis
1703 1839 2017 1893 convocata
2052 1830 2114 1891 in
2154 1830 2379 1892 theatro
2423 1846 2455 1894 4

266 1926 405 1979 erat.
474 1918 668 1997 palam
715 1919 785 1979 ab
836 1936 946 1980 suo
997 1918 1275 1979 comitatu
1323 1926 1381 1980 et
1419 1917 1839 1979 obscenis'illis
1878 1917 2017 1978 viris
2060 1916 2385 1976 fremebant
2425 1931 2453 1978 5

268 2002 660 2077 interfectum,
695 2004 907 2065 animis
938 2012 1130 2065 autem
1159 2003 1522 2083 Zeuxippum
1553 2010 1851 2065 auctorem
1882 1999 2296 2064 destinabant*
2328 2009 2386 2062 et

268 2087 476 2149 caediS.
537 2088 600 2149 in
637 2088 964 2169 praesentia
1003 2089 1220 2170 placuit
1257 2089 1673 2170 comprehendi
1712 2107 1844 2161 (303,
1888 2087 1987 2167 qui
2024 2086 2199 2148 simul
2235 2086 2381 2147 fuis·
2424 2103 2455 2151 6

265 2181 422 2247 sent,
464 2174 982 2255 quaestionemque
1011 2194 1083 2238 ex
1111 2176 1204 2237 his
1235 2175 1454 2238 haberi.
1514 2176 1611 2254 qui
1643 2176 1783 2237 dum
1815 2181 2200 2254 quaeruntur,
2231 2171 2378 2234 Zeu·
2425 2186 2454 2235 7

262 2258 524 2340 xippus*
573 2268 631 2323 et
676 2260 968 2324 constanti
1012 2260 1210 2323 animo
1257 2260 1553 2323 avertendi
1590 2260 1662 2322 ab
1705 2281 1770 2322 se
1808 2259 2065 2323 criminis
2109 2279 2282 2321 causa
2319 2258 2381 2321 in

262 2430 379 2479 dass
405 2430 550 2479 stand
573 2440 716 2479 eran
740 2430 833 2480 der
848 2430 1022 2496 spitze
1047 2431 1141 2480 der
1160 2442 1267 2480 ma-

262 2498 438 2547 cedon.
470 2495 666 2561 Partci,
702 2512 742 2547 s.
778 2513 820 2548 c.
854 2497 945 2561 28,
991 2498 1044 2560 13
1090 2498 1264 2565 Polyb.

267 2564 353 2627 17,
390 2564 483 2615 111“.
518 2593 587 2602 -
613 2567 891 2634 praefeci„
926 2566 1023 2616 wie
1061 2564 1268 2616 in'Rom

261 2632 341 2682 dio
360 2633 622 2700 praefecti
640 2637 911 2694 sociorum,
938 2634 1039 2697 vgl.
1065 2651 1128 2684 zu
1147 2633 1195 2700 ξ.
1215 2634 1264 2684 6.

258 2726 330 2738 —-
353 2704 610 2766 auctores,
634 2703 736 2764 vgl.
761 2718 804 2753 c.
832 2703 876 2768 2,
904 2701 951 2763 6,
972 2717 1052 2752 wo
1078 2704 1155 2753 ein
1175 2717 1267 2753 an-

259 2769 422 2836 dei-er,
444 2770 583 2820 viell.
602 2770 693 2821 auf
707 2769 904 2821 Betrieb
929 2771 1021 2821 dor
1039 2772 1148 2821 bier
1166 2769 1268 2822 Ge-

262 2844 496 2905 nannten,
521 2840 615 2888 den
644 2840 838 2902 Anti-ag
863 2839 1022 2889 stellt.

332 2905 563 2957 10—11.
624 2909 679 2957 in
727 2922 900 2976 praes.
943 2935 1013 2945 —
1052 2910 1106 2958 in
1131 2909 1265 2973 sut„

259 2974 361 3037 vgl.
386 2972 433 3035 8,
460 2975 505 3041 7,
532 2975 625 3036 22;
652 2974 830 3026 lustin.
853 2974 931 3041 14,
961 2976 1006 3039 1,
1036 2975 1097 3024 13
1116 2991 1166 3024 ιι.
1188 2990 1263 3038 a.;

257 3041 361 3104 vgl.
387 3041 444 3092 L.
464 3041 545 3105 30,
574 3043 653 3106 17,
677 3044 722 3093 1.
740 3071 810 3081 --
824 3059 921 3112 pro
957 3061 987 3094 e
1007 3044 1186 3106 gchtirt
1204 3058 1268 3093 zu

259 3110 369 3159 dem
397 3122 588 3173 ganzen
617 3110 831 3176 Begriffe
865 3059 1147 3180 asportans
1181 3128 1266 3162 se·-

257 3177 396 3228 dere.
421 3205 491 3216 —-
507 3180 745 3244 quidnam
768 3196 897 3244 esso,
921 3179 1267 3244 unabhiiugige

257 3245 447 3310 Frage,
502 3247 562 3297 da
603 3253 798 3299 metum
842 3262 1021 3317 cepere
1064 3248 1267 3299 absolut

258 3314 433 3362 steben
463 3314 589 3364 kann
631 3317 732 3379 vgl.
759 3315 841 3381 34,
864 3318 949 3379 11,
975 3316 1032 3379 ὃς
1059 3316 1184 3367 iiber
1206 3333 1265 3367 se

240 3382 443 3448 futur„
475 3397 514 3432 s.
542 3353 625 3445 34,
651 3383 733 3447 24,
761 3383 818 3445 33
844 3384 926 3457 27,
956 3384 1032 3447 16,
1063 3385 1123 3434 18
1145 3402 1191 3435 u.
1213 3400 1260 3435 a.

255 3449 531 3500 adiuvante
562 3451 688 3501 wird
721 3452 873 3502 durch
898 3454 1149 3519 futurum
1181 3454 1258 3503 als

255 3516 303 3568 in
347 3518 427 3569 die
464 3517 690 3569 Zukunft
728 3521 981 3583 gehtirend
1025 3521 1258 3572 bezeich-

254 3595 364 3638 net:
390 3590 442 3638 si
459 3615 525 3624 —
551 3587 837 3638 adiuvaret.

321 3645 424 3715 28,
456 3654 775 3708 1—3.·dmn
799 3662 896 3706 etc.
922 3657 1049 3706 olme
1070 3659 1256 3722 itaque.

252 3751 320 3761 —
342 3727 395 3774 in
414 3724 553 3795 publ.
582 3724 739 3793 apul„
762 3725 922 3774 ciuem
952 3725 1045 3774 auf
1062 3724 1260 3774 staats-

251 3792 432 3843 kosten
455 3793 874 3844 veranstaltetem
897 3792 1064 3842 Mahle
1086 3792 1260 3855 beige-

252 3862 423 3911 wobut
439 3862 582 3912 habe.
596 3890 660 3898 —
677 3861 984 3912 temulentus
998 3866 1116 3923 etc„
1134 3859 1261 3910 iiber

254 3928 334 3978 die
355 3926 757 3993 Sittenlosigkeit
780 3930 872 3980 der
889 3930 1079 3979 Biioter
1102 3943 1143 3978 s.
1164 3928 1263 3978 Po-

251 3995 450 4062 lyam),
464 3998 515 4056 43
525 3995 557 4047 6
571 4015 585 4060 3
610 3999 884 4049 Mommsen
900 3999 945 4063 1,
958 3996 1264 4049 ‹soz—ioci

252 4078 391 4114 caus.
413 4064 550 4116 viell.
574 4068 697 4117 uach
717 4067 810 4118 ov.
830 4067 968 4118 Fast.
996 4066 1045 4129 4,
1071 4062 1171 4116 868
1196 4081 1261 4116 zu

1376 2430 1629 2497 erkliireu.
1652 2456 1724 2468 —-
1751 2428 1946 2490 Aetoli,
1982 2430 2159 2497 Polyb.
2190 2429 2381 2480 Αἰτω-

1350 2492 1559 2562 'iamim
1586 2499 1709 2549 doch
1735 2499 1803 2549 ist
1826 2499 2032 2550 deshalb
2059 2499 2137 2548 bei
2160 2497 2217 2548 L.
2245 2498 2381 2548 nicht

1360 2568 1601 2623 „Aetolici
1630 2569 1752 2618 nach
1787 2569 1928 2618 einer
1962 2569 2081 2618 Hds.
2115 2582 2180 2616 zu
2219 2566 2378 2628 lesen,

1374 2637 1477 2700 vgl.
1502 2635 1593 2702 30,
1629 2636 1686 2700 8,
1723 2637 1771 2685 5.
1797 2664 1861 2673 -
1881 2636 2027 2701 fuga
2045 2636 2122 2704 fit
2152 2641 2250 2684 etc.
2275 2634 2377 2698 vgl.

1378 2705 1433 2768 1,
1466 2703 1558 2767 48,
1593 2706 1641 2754 4.
1667 2732 1736 2742 -
1759 2706 2021 2770 quiritatio
2046 2702 2242 2753 scheint
2273 2703 2379 2752 sich

1375 2780 1519 2823 sonst
1565 2773 1700 2823 nicht
1746 2788 1808 2821 zu
1855 2771 2048 2833 floden3
2106 2772 2380 2836 quiritatus

1374 2841 1585 2891 braucht
1606 2841 1736 2890 Plin.
1761 2840 1854 2905 Ep.
1880 2839 1928 2904 6,
1955 2839 2037 2903 20,
2065 2838 2128 2887 14
2146 2838 2244 2887 und
2263 2836 2377 2888 val.

1375 2909 1651 2970 Maximus&
1677 2909 1733 2958 L.
1759 2908 1846 2957 das
1872 2907 2026 2958 Verb.
2054 2908 2315 2972 quir-itare,
2338 2921 2379 2955 s.

1374 2976 1456 3038 39,
1483 2976 1531 3042 8,
1557 2976 1616 3037 83
1651 2977 1716 3025 ib.
1748 2975 1827 3039 10,
1855 2976 1902 3038 7,
1935 2975 2060 3024 auch
2084 2988 2181 3022 von
2205 2972 2380 3024 Nicht-

1375 3047 1571 3094 riimern
1596 3036 1692 3093 wie
1718 3043 1807 3106 40,
1834 3043 1890 3105 9,
1922 3043 1951 3091 7
1964 3057 1978 3103 3
2016 3056 2078 3091 zu
2095 3043 2256 3108 sacta
2277 3042 2380 3105 vgl.

1376 3111 1423 3175 8,
1451 3112 1496 3177 9,
1523 3110 1601 3162 12.
1626 3138 1696 3149 -
1716 3115 1885 3180 porta,
1912 3127 1955 3161 c.
1982 3109 2063 3170 26,
2092 3111 2139 3160 9.

1445 3180 1609 3230 4-5,
1658 3182 1797 3231 veltet
1818 3197 1888 3230 ex
1910 3196 1957 3230 a.
1983 3196 2045 3244 8.,
2069 3179 2174 3243 vgl.
2199 3195 2241 3231 c.
2261 3178 2312 3242 6,
2331 3177 2378 3229 8.

1372 3276 1440 3286 --
1464 3253 1559 3299 aut
1571 3265 1618 3300 υ.
1638 3264 1738 3318 pr„
1763 3250 1861 3299 wie
1885 3250 1933 3299 in
1955 3246 2079 3299 Rom
2099 3247 2178 3298 die
2196 3246 2385 3298 Volks-

1372 3318 1808 3382 versammlungeu
1833 3319 2095 3368 cntwcdcr
2117 3316 2269 3365 durch
2295 3317 2376 3365 ein

1371 3384 1527 3436 Edikt
1567 3393 1811 3450 angesagt
1862 3387 1985 3436 oder
2035 3385 2189 3434 durch
2233 3384 2378 3434 einen

1365 3468 1548 3574 {gangis
1574 3454 1789 3573 beru2t‘eq3
1807 3450 2046 3572 wpgdegss’
2073 3468 2113 3503 s.
2141 3450 2277 3571 gigig?
2302 3451 2379 3518 15,

1636 3561 1647 3572 .
1853 3538 1883 3571 a
2041 3537 2108 3571 n.
2275 3558 2287 3570 .
2311 3548 2380 3558 —

1365 3618 1434 3628 —
1449 3562 1513 3641 'in
1539 3539 1823 3652 mathi,
1850 3559 1944 3653 39‚'
1964 3591 2007 3639 1.
2032 3616 2090 3626 -
2126 3591 2261 3640 ουκ.
2279 3592 2381 3641 viri

1365 3659 1464 3709 wie
1487 3657 1520 3724 ξ
1547 3659 1604 3721 2;
1642 3659 1767 3709 Sall.
1792 3658 1830 3710 Ι.
1860 3658 1942 3722 85,
1968 3659 2058 3708 42:
2088 3658 2382 3725 turpissimi

1360 3728 1462 3778 viri
1477 3729 1613 3778 nicht
1628 3728 1876 3783 homines.
1894 3754 1964 3765 --
1979 3729 2211 3779 destina&
2228 3763 2258 3788 .‚
2277 3728 2379 3788 vgl.

1365 3794 1421 3856 9,
1451 3795 1661 3858 24,14;
1693 3795 1902 3861 28‚14,
1927 3795 1982 3847 9:
2020 3797 2191 3865 opinio
2215 3795 2378 3844 desti-

1366 3867 1506 3913 nata.

1435 3930 1606 3982 6—8.
1654 3933 1906 3999 simulf„
1938 3933 2028 3982 mit
2061 3933 2158 3981 ihm
2182 3944 2377 3980 zusam-

1366 4012 1496 4064 men,
1522 4000 1664 4051 dabei
1689 4018 1737 4051 u.
1765 4017 1807 4051 s.
1835 4016 1899 4051 w,
1926 4026 1991 4037 —
2016 4004 2069 4050 et
2089 4003 2250 4049 const.
2277 4001 2376 4048 wie

1344 4073 1349 4078 ’
1364 4083 1462 4120 vor
1477 4074 1531 4122 ct
1544 4069 1714 4135 caedis·
1733 4070 1801 4119 ist
1815 4070 1942 4118 auch
1953 4068 2064 4118 hier
2080 4073 2239 4118 etwas
2257 4082 2375 4119 aus·
