2861 4550
266 332 309 361 a.
334 320 531 363 (lh-‘198-
563 321 655 361 19⁷.

903 305 1099 380 mann
1118 303 1339 363 xxxn.
1399 308 1539 363 cim
1563 309 1647 362 27.
1673 309 1757 362 28.

2266 315 2382 376 151

265 463 330 522 L.
370 459 599 522 Atilius,
668 462 1058 543 Sempronius
1097 469 1157 523 et
1191 462 1425 526 Helvius
1478 483 1549 525 ex
1595 463 1669 525 iis
1722 464 1933 526 aediles
1977 465 2162 544 plebis
2202 467 2383 528 erant.

265 547 497 608 curules
530 545 742 609 aediles
775 549 844 622 Q.
877 545 1161 609 Minucius
1188 548 1481 610 Thermus
1512 557 1570 610 et
1597 550 1684 610 Ti.
1710 549 2102 629 Sempronius
2125 551 2384 629 Longus
2428 563 2458 611 8

254 632 389 708 ¹ludi
419 631 673 693 Romani
701 653 771 694 eo
804 652 959 695 anno
990 640 1194 713 quater
1221 633 1543 696 instaurati.
1701 675 1708 679 -
1973 659 1976 662 “

442 715 503 777 C.
536 715 803 780 Cornelio
847 727 905 780 et
934 720 1006 792 Q.
1037 718 1289 781 Minucio
1332 719 1673 781 consulibus
1713 719 1984 781 omnium
2023 721 2285 801 primum
2317 722 2387 783 de
2410 727 2494 787 28

268 801 588 885 provinciis
627 805 937 866 consulum
964 811 1419 886 praetorumque
1447 813 1665 870 aetum.
1726 805 1888 884 prius
1919 806 1990 867 de
2018 807 2387 886 praetoribus
2430 818 2459 866 2

269 897 557 950 transacta
597 908 720 964 reS‚
762 909 909 969 quae
949 889 1191 969 transigi
1235 899 1392 952 sorte
1421 898 1666 971 poterat.
1726 890 1950 951 urbana
1980 891 2185 970 Sergio
2217 911 2386 971 pere-

268 975 434 1053 grina
483 973 807 1036 iurisdictio
857 975 1113 1037 Minucio
1168 975 1401 1055 obtigit3
1463 976 1790 1038 Sardiniam
1842 974 2100 1051 Atilius„
2132 977 2385 1046 Siciliam

265 1059 543 1131 Manliu5‚
597 1060 907 1141 Hispanias
951 1061 1337 1140 Sempronius
1392 1062 1723 1123 citeriorem
1762 1061 1997 1123 Helvius
2046 1063 2383 1124 ulteriorem

266 1152 357 1206 est
406 1145 668 1207 sortitus.
741 1146 1079 1209 consulibus
1120 1146 1339 1208 Italiam
1375 1148 1888 1227 Macedoniamque
1926 1145 2127 1209 sortiri
2171 1167 2386 1227 paran-
2429 1162 2460 1212 3

266 1229 422 1290 tibus
484 1230 549 1292 L.
604 1225 832 1312 O‘ppius
901 1240 957 1294 et
1016 1233 1087 1306 Q.
1146 1231 1381 1294 Fulvius
1440 1233 1660 1294 tribuni
1717 1232 1902 1312 plebis
1961 1233 2383 1313 impedimento

264 1323 456 1388 erant,
508 1318 665 1396 quod
710 1318 1029 1400 longinqua
1077 1317 1374 1396 provincia
1423 1318 1761 1380 Macedonia
1810 1326 1990 1393 esset,
2055 1337 2243 1399 neque
2291 1319 2383 1380 ul-
2424 1335 2457 1384 4

263 1401 335 1461 la·
367 1401 473 1462 alia
519 1419 614 1462 res
665 1404 854 1465 maius
905 1404 1060 1465 bello
1112 1404 1598 1483 impedimentum
1650 1404 1720 1465 ad
1773 1421 1900 1464 eam
1954 1403 2108 1466 diem
2160 1404 2387 1481 fuisset,

267 1503 444 1564 quam
495 1488 653 1565 quod
703 1488 935 1552 vixdum
987 1489 1277 1550 inchoatis
1329 1489 1507 1550 rebus
1566 1490 1629 1549 in
1686 1489 1819 1568 ipso
1883 1493 2095 1551 conatu
2153 1489 2391 1569 gerendi

268 1567 403 1631 belli
447 1572 615 1649 prior
662 1574 867 1635 consul
911 1581 1293 1636 revocaretur.
1372 1575 1648 1654 quartum
1697 1573 1812 1635 iam
1864 1591 2083 1635 annum
2134 1593 2267 1636 esse
2314 1576 2387 1637 ab
2431 1593 2464 1642 5

268 1655 504 1716 decreto
547 1657 918 1719 Macedonico
969 1660 1137 1721 hello,
1197 1661 1527 1739 quaerendo
1566 1678 1762 1739 regem
1804 1666 1861 1719 et
1899 1660 2210 1721 exereitum
2264 1660 2389 1722 eius

269 1737 593 1819 Sulpicium
652 1744 936 1805 maiorem
993 1754 1219 1825 partem
1278 1746 1412 1806 anni
1462 1744 1883 1824 absumpsisse.
1959 1744 2189 1828 Villium
2243 1763 2390 1806 con-

266 1825 625 1904 gredientem
679 1848 813 1894 cum
860 1831 1034 1891 hoste
1083 1829 1292 1892 infecta
1342 1850 1406 1892 re
1455 1843 1809 1894 revocatum.
1893 1830 2231 1903 Quinctium
2292 1849 2387 1892 re-

266 1910 378 1973 bus
418 1910 627 1974 divinis
669 1915 906 1978 Romae
925 1916 1209 1977 maiorem
1250 1909 1480 1995 partem
1530 1917 1672 1978 anni,
1718 1922 2010 1977 retentum
2048 1916 2128 1978 ita
2167 1917 2390 1995 gessis-

266 2015 331 2057 se
380 2005 578 2059 tamen
629 2018 724 2060 res
777 2008 871 2075 ut,
926 2002 976 2062 si
1022 2010 1121 2063 aut
1158 2002 1445 2064 maturius
1487 2002 1550 2063 in
1594 2001 1955 2081 provinciam
1998 2000 2255 2063 venisset
2294 2011 2393 2064 aut

265 2077 455 2162 hiems
507 2084 694 2164 magis
747 2105 874 2148 sera
923 2086 1155 2161 fuisset,
1209 2087 1470 2167 potuerit
1516 2087 1821 2150 debellare.
1892 2104 2053 2148 nunc
2103 2105 2293 2168 prope
2331 2088 2392 2149 in

265 2167 508 2231 hiberna
544 2172 877 2251 profectum
918 2172 995 2234 ita
1035 2189 1379 2252 comparare
1416 2173 1530 2236 dici
1569 2172 1815 2247 bellum,
1868 2179 1961 2248 ut,
2001 2173 2116 2235 nisi
2156 2192 2391 2238 succes-

262 2332 559 2384 vomer-atus
583 2341 688 2401 est,
723 2338 784 2388 ob
806 2337 867 2388 id
884 2341 1079 2388 neutra
1100 2353 1280 2400 manu,

260 2406 447 2453 neutro
465 2402 595 2469 pede
619 2407 749 2455 sata·
772 2406 928 2456 utilis.
947 2431 1016 2443 -—
1034 2405 1285 2456 deoetram

260 2471 755 2538 sibiserreavnfeet't
772 2472 923 2537 (Gsstz
943 2489 992 2525 v.
1005 2474 1277 2524 Berlichin-
1312 2502 1329 2518 x

261 2541 393 2604 gen),
424 2553 582 2605 eaque
596 2542 818 2607 religata
839 2541 1125 2610 proeliatus
1150 2541 1277 2593 Cre-

260 2621 471 2659 monam
510 2609 772 2661 obaidtone
803 2612 1017 2675 exemit,
1058 2610 1275 2661 Placen-

264 2677 389 2727 tiam
407 2678 608 2729 tutatus
627 2683 720 2740 est,
741 2678 978 2731 duodena
993 2683 1168 2731 eastra
1182 2680 1274 2730 Ιιο-

262 2745 421 2795 stium
442 2746 498 2796 in
522 2743 684 2798 Gallia
702 2749 836 2815 cepit
858 2753 955 2796 etc.
989 2747 1048 2799 L.
1069 2749 1155 2798 hat
1171 2764 1271 2799 von

260 2813 410 2863 aliem
436 2814 623 2865 diesem
644 2817 810 2867 nichts
834 2816 1061 2867 heriihrt.

328 2871 436 2933 28.
474 2883 638 2935 1—2.
675 2887 906 2936 omnium
922 2900 1020 2953 pr„
1047 2901 1089 2935 s,
1110 2884 1194 2950 22,
1222 2885 1272 2949 9,

265 2951 311 3001 7.
346 2977 416 2991 -·-
445 2969 575 3018 quae
608 2957 644 3004 t.
679 2970 722 3005 s.
754 2970 835 3022 p.,
876 2953 1016 3004 nicht
1048 2968 1273 3016 genauer

263 3020 555 3086 Ausdruck‚
605 3022 668 3072 da
704 3023 829 3073 auch
871 3023 952 3072 dic
997 3021 1271 3072 Consular-

265 3088 537 3154 previnzen
594 3089 905 3153 gewiihnlich
965 3091 1120 3140 durch
1180 3090 1270 3141 das

263 3156 396 3207 Loos
407 3157 660 3209 bestimmt
667 3159 890 3222 werden,
901 3159 1168 3208 diesesmal
1178 3174 1274 3208 nur

263 3225 342 3274 die
375 3225 737 3291 Festsetzung,
771 3227 963 3277 welche
988 3227 1272 3278 Provinzen
1350 3270 1355 3271 γ

267 3293 639 3344 consular-iscire
660 3297 772 3346 ‘sein
804 3296 1018 3359 sollten,
1053 3295 1273 3360 streitig‚

266 3362 347 3411 die
366 3361 457 3412 der
467 3361 710 3413 Priitoren
723 3363 848 3413 ohne
859 3363 1073 3414 Zweifel
1083 3379 1276 3428 waren,

266 3449 306 3483 ε.
328 3430 410 3493 34,
423 3429 506 3492 55,
520 3431 623 3480 5.-
671 3435 929 3497 engi-ina,
942 3433 1021 3482 die
1040 3434 1163 3482 nach
1183 3434 1276 3483 der

262 3500 612 3562 Vermehrung
663 3498 1277 3552 erPriiturenwiederbe-

267 3576 402 3620 setzt
432 3568 636 3618 werden
669 3568 830 3632 kann,
869 3583 909 3618 s·
944 3584 988 3620 c.
1024 3569 1083 3633 8,
1119 3568 1167 3621 3.
1203 3597 1273 3606 --

264 3638 557 3706 Hispanias,
585 3636 664 3686 die
689 3635 839 3686 Form
866 3636 963 3687 wie
990 3653 1032 3687 c.
1063 3637 1106 3699 1,
1131 3637 1182 3687 2.
1204 3664 1268 3677 -——

267 3709 409 3758 citer.
439 3733 512 3743 —
543 3704 720 3768 ulter„
761 3705 970 3769 liingere
1005 3704 1123 3756 Zeit
1164 3705 1275 3755 sind

267 3774 577 3826 Privatleute
613 3789 722 3824 cum
754 3773 961 3840 imperio
996 3775 1122 3823 nach
1146 3773 1276 3839 Spa-

269 3843 378 3893 nien
399 3842 660 3907 geschickt
676 3843 901 3906 worden,
922 3857 964 3892 ε.
979 3840 1058 3907 26,
1082 3841 1173 3905 193
1194 3840 1275 3908 28,

268 3910 425 3977 38,1,
451 3911 554 3973 vgl.
575 3910 656 3974 31,
687 3911 768 3977 20,
802 3911 861 3973 13
894 3909 972 3977 30,
1003 3909 1089 3975 41,
1111 3910 1169 3973 53
1192 3909 1276 3974 32,

271 3978 318 4043 7,
341 3977 393 4043 4,
416 3992 522 4029 was
546 3990 637 4029 aus
664 3981 774 4031 dem
798 3981 921 4031 eben
941 3978 1277 4043 angeffihrten

1387 2337 1591 2389 Grunde
1617 2338 1756 2389 nicht
1777 2340 1920 2388 mehr
1938 2338 2110 2403 nothig
2131 2339 2217 2389 ist.

1454 2406 1624 2457 3-7.
1678 2407 1868 2475 Oppius
1893 2414 2009 2469 etc„
2031 2407 2135 2470 vgl.
2160 2423 2204 2458 c.
2230 2406 2311 2474 32,
2339 2408 2393 2458 7:

1382 2490 1586 2527 summa
1616 2478 1670 2526 vi
1698 2482 1823 2539 etc.,
1857 2475 1967 2525 eine
2000 2476 2188 2529 andere
2220 2477 2392 2527 Partei

1381 2545 1453 2596 ist
1476 2561 1520 2595 c.
1547 2545 1575 2593 7
1590 2581 1604 2608 ,
1630 2544 1662 2593 9
1683 2544 1860 2608 thiitig.
1877 2570 1949 2582 —-
1969 2546 2025 2594 in
2045 2548 2160 2612 ipso
2184 2560 2321 2609 con„
2347 2561 2389 2595 s,

1382 2612 1430 2675 9,
1461 2612 1539 2676 18,
1564 2613 1656 2674 143
1681 2611 1763 2676 24,
1785 2611 1832 2676 8,
1853 2611 1908 2661 8:
1932 2615 1984 2663 in
2002 2617 2259 2682 apparatu
2275 2615 2391 2680 ipso

1379 2697 1441 2732 ae
1475 2685 1677 2732 tantum
1706 2681 2060 2732 &comantibus
2097 2697 2186 2732 ros
2224 2697 2391 2733 mnus

1379 2752 1519 2802 circu
1587 2750 1590 2753 ’
1656 2754 1767 2800 ἴω.
1812 2772 1879 2789 -—·
1907 2751 2061 2829 prior
2100 2764 2389 2813 -—-*revoc.,

1374 2818 1599 2883 jedesma
1646 2819 1737 2868 der
1758 2816 2060 2880 Vorgang‘er
2092 2833 2139 2866 u.
2169 2831 2212 2867 s.
2232 2831 2299 2867 w.
2322 2843 2391 2855 ·—

1379 2886 1665 2952 quaerendo
1692 2902 1765 2950 r.,
1801 2900 1841 2934 s.
1869 2885 1957 2951 31,
1996 2883 2087 2946 33,
2122 2884 2180 2946 63
2212 2884 2278 2934 ib.
2307 2883 2391 2948 39,

1379 2955 1426 3004 3.
1452 2982 1518 2992 -—
1538 2957 1743 3021 partem
1762 2956 1898 3015 anni,
1922 2952 2196 3015 cigentlich
2212 2953 2260 3003 in
2280 2954 2391 3002 dem

1378 3020 1764 3085 Consulatsjahr
1796 3021 1884 3070 des
1908 3020 2111 3072 Vinius.
2138 3049 2207 3058 -
2227 3037 2287 3072 re
2310 3037 2393 3072 re-

1377 3106 1511 3142 voe.:
1546 3090 1616 3140 ist
1650 3090 1729 3140 bei
1764 3088 1823 3138 L.
1849 3089 1987 3139 nicht
2015 3089 2310 3154 auffallend‚
2347 3105 2389 3139 s,

1380 3157 1471 3221 33,
1496 3158 1587 3222 42,
1614 3157 1673 3219 33
1707 3157 1769 3207 31
1826 3156 1915 3219 22,
1942 3154 2223 3222 333,19‚
2251 3158 2298 3207 7.
2321 3185 2390 3197 --

1544 3226 1622 3278 ed.
1665 3226 1736 3278 ist
1768 3195 2004 3276 donatus.
2040 3255 2106 3265 —-
2139 3229 2309 3278 maior
2336 3244 2389 3296 p.

1379 3295 1691 3347 rhetorische
1727 3293 2151 3359 Uebertreihung‚
2185 3311 2226 3346 s.
2261 3311 2303 3345 c.
2340 3297 2388 3356 9,

1381 3364 1435 3431 6,
1470 3366 1595 3415 auch
1628 3365 1733 3426 das,
1770 3379 1875 3414 was
1911 3362 2173 3428 Quinctius
2205 3364 2387 3427 gethan

1381 3436 1483 3498 hat,
1509 3435 1580 3483 da*
1597 3448 1654 3483 er
1677 3448 1772 3483 vor
1795 3433 1904 3482 dem
1923 3431 2141 3482 Herbste
2166 3434 2317 3482 sehon
2338 3433 2386 3481 in

1379 3502 1560 3553 Phocis
1601 3502 1775 3564 stand,
1816 3501 1916 3550 und
1956 3515 2102 3550 wenn
2135 3501 2218 3550 ibn
2252 3500 2391 3550 nicht

1382 3571 1567 3621 andere
1611 3569 1816 3619 Griinde
1859 3568 2155 3631 abgehaiten
2198 3568 2386 3634 hiitten,

1381 3638 1569 3689 ebenso
1620 3636 1813 3687 schnell
1847 3638 1977 3686 nach
2019 3635 2203 3702 Tempe
2246 3637 2386 3687 hatte

1380 3707 1627 3770 gelangcn
1646 3706 1857 3768 klinnen,
1884 3705 2033 3772 zcigt,
2058 3707 2176 3755 dass
2195 3720 2253 3754 er
2273 3704 2387 3755 friih

1382 3789 1546 3838 genug
1570 3774 1692 3823 nach
1717 3772 2080 3824 Griechenland
2097 3773 2390 3836 gekommen

1381 3854 1518 3906 war,
1550 3843 1650 3892 und
1671 3842 1808 3893 nicht
1839 3854 1931 3892 aus
1955 3841 2158 3904 Mangel
2180 3856 2245 3890 an
2271 3839 2389 3890 Zeit

1383 3911 1463 3963 die
1502 3911 1714 3971 weitai-e
1754 3909 2069 3973 Verfolgung
2108 3909 2197 3958 des
2236 3906 2389 3957 Krie-

1385 3995 1474 4044 ges
1492 3980 1756 4033 verschob.
1777 4005 1845 4019 --
1866 3993 2027 4046 prope
2048 3976 2231 4040 gehort
2254 3975 2391 4026 nich&¹

2432 1844 2463 1894 6

2435 2101 2462 2149 7
