2861 4550
1173 349 1366 402 ιιιιιιιι
1401 347 1648 403 xxxJV.
1700 348 1845 402 car.
1867 349 1953 400 ⁴0.
2052 316 2059 325 ’
2400 373 2441 402 ι
2462 372 2508 402 ..
2528 363 2639 404 wo.

504 348 625 412 328

500 504 780 567 Oscensis
820 505 1133 585 quingenta
1162 504 1570 585 quadraginta,
1608 504 1733 565 auri
1769 504 1972 584 pondo
1993 501 2154 563 mille
2180 501 2641 582 quadringenta.

425 600 456 649 3
500 590 782 651 militibus
819 591 1014 651 divisit
1046 591 1111 652 in
1151 590 1415 669 singulos
1455 591 1719 651 ducenos
1759 592 2151 670 septuagenos
2192 587 2375 660 aeris,
2416 588 2643 669 triplex

501 676 698 755 equiti.
2226 708 2231 711 -

427 767 461 816 4
673 760 764 821 Ti.
792 761 1182 841 Sempronius
1213 762 1423 823 consul
1450 762 1512 822 in
1541 759 1901 841 provinciam
1932 761 2231 840 profectus
2259 758 2322 819 in
2344 757 2642 820 Boiorum

498 847 756 926 primum
788 865 995 926 agrum
1022 847 1287 925 legiones
1318 847 1502 907 duxit.
1568 846 1805 907 Boiorix
1833 854 1960 907 tum
1989 844 2225 924 regulus
2254 862 2460 904 eorum
2490 863 2640 904 cum

500 932 733 993 duobus
764 932 1041 993 fratribus
1070 940 1191 993 tota
1222 943 1392 1009 gente
1421 935 1711 993 concitata
1740 931 1812 992 ad
1842 930 2234 992 rebellandum
2265 936 2451 990 castra
2480 929 2641 990 locis

498 1018 713 1098 apertis
743 1018 970 1098 posuit,
1002 1025 1070 1079 ut
1099 1027 1405 1097 appareret
1434 1017 1832 1089 dimicaturos»,
1869 1018 1921 1077 si
1949 1015 2138 1078 hostis
2168 1015 2303 1075 finis
2332 1015 2638 1078 intrasset.

426 1110 457 1158 5
501 1103 709 1165 consul
722 1103 824 1166 ubi
856 1111 1104 1184 quantae
1127 1104 1351 1182 copiae,
1383 1111 1596 1181 quanta
1620 1103 1830 1163 fiducia
1853 1110 2011 1163 esset
2030 1101 2209 1175 hosti,
2236 1100 2442 1174 sensit,
2470 1118 2640 1162 nun-

500 1189 645 1249 tium
670 1189 739 1250 ad
762 1189 1040 1266 collegam
1057 1189 1252 1262 mittit,
1274 1196 1359 1260 ut,
1384 1189 1436 1248 si
1448 1189 1744 1248 videretur
1755 1188 1827 1259 ei,
1851 1195 2167 1250 maturaret
2178 1186 2404 1246 venire:
2428 1204 2495 1246 se
2507 1194 2639 1248 ter-

426 1279 459 1328 6
500 1273 840 1352 giversando
861 1274 924 1334 in
947 1275 1259 1336 adventum
1281 1274 1407 1334 eius
1429 1291 1555 1333 rem
1583 1281 1992 1335 extracturum.
2037 1290 2187 1352 quae
2204 1290 2381 1333 eausa
2398 1271 2639 1333 consuli

502 1359 839 1432 cunctandi,
882 1361 1087 1420 eadem
1125 1359 1330 1431 Gallis,
1368 1369 1779 1438 praeterquam
1824 1359 1985 1438 quod
2029 1357 2320 1420 cunctatio
2364 1357 2639 1419 hostium

505 1444 736 1505 animos
768 1444 1025 1516 faciebat,
1053 1445 1138 1506 rei
1167 1445 1549 1505 maturandae
1571 1453 1713 1517 erat,
1742 1452 1807 1504 ut
1827 1445 2175 1524 priusquam
2199 1442 2636 1522 coniungeren-

432 1534 460 1582 7
505 1538 602 1589 tur
628 1530 937 1592 consulum
971 1531 1174 1611 copiae
1191 1578 1205 1604 ,
1233 1549 1360 1590 rem
1388 1530 1793 1609 transigerent.
1847 1548 1954 1609 per
1981 1529 2231 1591 biduum
2258 1537 2458 1589 tamen
2485 1528 2638 1589 nihil

504 1614 656 1676 aliud
690 1633 867 1694 quam
909 1624 1194 1677 steterunt
1230 1616 1415 1695 parati
1456 1616 1529 1676 ad
1571 1632 1861 1694 pugnam,
1903 1617 1954 1675 si
1986 1617 2118 1694 quis
2149 1620 2353 1675 contra
2382 1614 2637 1691 egrede-

502 1709 691 1761 retur:
736 1702 908 1761 tertio
942 1701 1173 1762 subiere
1201 1702 1274 1762 ad
1303 1701 1543 1770 vallum,
1586 1709 1889 1780 castraque
1930 1700 2107 1761 simul
2143 1699 2215 1760 ab
2261 1698 2424 1759 omni
2460 1708 2637 1778 parte

431 1787 463 1837 8
506 1785 765 1864 adgressi
796 1793 954 1847 sunt.
1003 1786 1210 1847 consul
1239 1803 1400 1846 arma
1424 1785 1718 1865 extemplo
1742 1804 1950 1866 capere
1973 1786 2184 1847 milites
2208 1783 2408 1860 iussitg
2433 1803 2636 1846 arma-

503 1878 597 1930 tos
629 1870 764 1931 inde
793 1871 1089 1950 paulisper
1119 1865 1435 1943 continuit,
1475 1881 1540 1932 ut
1569 1878 1627 1931 et
1656 1871 1931 1932 stolidam
1959 1871 2234 1932 fiduciam
2263 1870 2422 1932 hosti
2452 1886 2635 1949 auge-

430 1954 462 2003 9
503 1965 591 2015 ret
622 1962 681 2014 et
702 1954 1044 2035 disponeret
1067 1956 1285 2035 copiaS‚
1318 1956 1532 2035 quibus
1556 1975 1822 2037 quaeque
1843 1956 2035 2036 portis
2058 1964 2451 2036 erumperent.
2481 1955 2638 2017 duae

503 2038 760 2116 legiones
792 2040 1021 2103 duabus
1049 2041 1475 2120 principalibus
1506 2043 1694 2122 portis
1727 2042 1891 2121 signa
1921 2043 2126 2104 efferre
2153 2042 2369 2103 iussae.
2425 2041 2530 2102 sed
2568 2040 2636 2102 in

400 2129 463 2179 10
503 2123 638 2203 ipso
670 2123 825 2185 exitu
855 2125 932 2184 ita
963 2126 1209 2186 conferti
1240 2126 1518 2189 obstitere
1550 2127 1721 2201 Galli,
1751 2136 1820 2191 ut
1849 2128 2182 2190 clauderent
2210 2127 2383 2189 viam.
2438 2125 2539 2187 diu
2568 2127 2635 2188 in

507 2208 792 2288 angustiis
822 2219 1146 2290 pugnatum
1179 2221 1287 2271 est.
1341 2230 1450 2274 nec
1490 2214 1707 2274 dextris
1748 2215 1936 2293 magis
1976 2213 2296 2294 gladiisque
2323 2211 2637 2292 gerebatur

402 2304 458 2354 11
502 2313 620 2369 res,
654 2313 825 2375 quam
859 2297 1039 2357 scutis
1080 2298 1546 2378 corporibusque
1583 2300 1729 2379 ipsis
1768 2300 1965 2361 obnixi
2006 2299 2316 2378 urgebant,
2358 2298 2633 2372 Romani,

505 2389 571 2442 ut
601 2381 763 2461 signa
792 2382 949 2443 foras
982 2383 1277 2458 efferrent,
1321 2383 1493 2457 Galli,
1528 2392 1593 2445 ut
1631 2386 1831 2446 autin
1871 2393 2058 2447 castra
2101 2383 2217 2465 ipsi
2243 2390 2636 2464 penetrarent,

403 2472 464 2523 12
509 2474 607 2526 aut
636 2466 793 2526 exire
822 2467 1126 2529 Romanos
1156 2468 1550 2546 prohiberent.
1607 2487 1716 2531 nec
1742 2479 1878 2531 aute
1908 2472 1969 2532 in
1997 2470 2150 2532 hanc
2177 2478 2277 2531 aut
2302 2467 2459 2531 illam
2490 2488 2634 2549 par-

507 2557 627 2609 tem
655 2552 882 2611 moveri
910 2552 1062 2612 acies
1089 2560 1427 2631 potuerunt,
1460 2571 1633 2634 quam
1666 2556 1738 2629 Q.
1771 2554 2060 2617 Victorius
2090 2556 2267 2636 primi
2297 2554 2397 2635 pili
2422 2565 2635 2617 centu-

504 2633 593 2695 rio
627 2641 684 2695 et
714 2633 773 2695 C.
807 2634 1035 2696 Atinius
1064 2636 1334 2698 tribunus
1366 2638 1644 2715 militum,
1676 2649 1913 2721 quartae
1941 2641 2064 2715 bic,
2106 2641 2199 2702 ille
2227 2640 2518 2704 secundae
2545 2641 2634 2702 le·-

505 2787 584 2837 die
626 2786 817 2837 Zahlen
860 2787 1024 2839 finden
1065 2789 1171 2839 sich
1212 2804 1325 2839 zum
1366 2789 1513 2841 Tbeil

506 2871 602 2905 nnr
624 2857 671 2905 in
700 2856 792 2906 der
814 2854 1043 2908 Mainzer
1063 2857 1176 2924 ns„
1209 2858 1352 2909 viell.
1375 2859 1511 2909 will-

502 2923 700 3006 kiirlicb
728 2926 965 3007 ριζςὲιιῑις
1000 2928 1049 2976 iu
1084 2927 1349 3007 dei-selben
1382 2927 1512 2977 wird

500 3006 606 3125 ἶὲἷ.
632 2992 813 3124 ῗυέῗῖ
841 2994 1266 3126 ¹3¹f³¹¹,23³35⁰{{,⁶3
1290 2996 1514 3114 325¹&

503 3125 726 3209 ducenos
749 3145 817 3193 3.,
849 3137 1007 3210 etwas
1031 3130 1171 3179 mehr
1193 3130 1325 3214 Plut.
1353 3148 1397 3181 c.
1425 3131 1512 3214 103

503 3209 625 3325 {2:2⁹
639 3197 1514 3345 50315223‘1’0332553‘2235233503

503 3327 623 3446 aleg’t'
646 3328 836 3469 ξσξιβιιδῗιζι
860 3330 1513 3469 ἔῖἰέἔῖξκζῒμῖνρζῗὲξὶοέ

505 3478 580 3544 qm
601 3467 851 3547 xpelrtqy
872 3463 944 3531 ἦν
967 3465 1210 3550 πολλςὺς
1228 3463 1514 3537 Ῥωμαίων

502 3548 646 3656 ῗέἷῖυ
639 3534 1203 3668 ἕλζέιέἓῖῖἶίῖἲῶλί
1231 3554 1269 3654 ἓ
1274 3534 1512 3673 ”1333ss

502 3664 602 3717 336
649 3666 889 3720 Sesterze
949 3672 1073 3723 oder
1129 3674 1356 3724 schwere
1403 3674 1507 3737 As;

500 3736 581 3787 die
607 3735 805 3787 Summe
828 3737 896 3789 ist
929 3740 1107 3792 niicbst
1130 3740 1222 3807 30,
1258 3741 1322 3793 45
1346 3758 1397 3793 ιι.
1424 3741 1507 3808 39,

501 3803 531 3854 7
544 3841 559 3869 ,
593 3805 624 3855 2
649 3805 731 3857 die
754 3805 1131 3872 bedeutendste,
1156 3826 1198 3861 s.
1219 3827 1263 3860 c.
1290 3809 1382 3873 523
1421 3810 1505 3877 36,

500 3872 583 3939 40,
615 3872 703 3955 13,
735 3873 817 3955 33,
843 3873 926 3938 23,
949 3876 996 3927 7.
1014 3902 1084 3916 --
1109 3879 1315 3946 tm‘pleoe,
1341 3880 1507 3929 wahr-

502 3941 708 3993 sebeinl.
733 3949 802 3994 ist
823 3943 1016 4012 duplam
1046 3949 1353 4011 centurioni,
1386 3962 1505 3999 aus-

497 4008 730 4080 gefallen,
756 4027 800 4062 s.
825 4028 867 4064 c.
895 4012 974 4081 52,
1005 4012 1093 4077 113
1120 4011 1201 4079 33,
1226 4013 1308 4083 23,
1333 4015 1390 4081 73
1417 4015 1502 4082 36,

1620 2790 1701 2855 40,
1730 2790 1819 2853 133
1846 2791 1928 2857 37,
1949 2790 2031 2857 39,
2050 2790 2111 2854 ὃς
2138 2789 2221 2855 39,
2245 2793 2294 2857 5,
2317 2792 2409 2854 173
2435 2792 2518 2857 40,
2544 2792 2632 2859 43,

1620 2858 1650 2907 7
1677 2874 1726 2908 ιι.
1748 2875 1790 2909 S.
1815 2876 1898 2924 w.,
1921 2861 2022 2924 vgl.
2044 2860 2228 2923 jedocb
2254 2859 2334 2926 39,
2351 2861 2398 2923 7,
2423 2859 2474 2922 23
2501 2862 2632 2914 ohne

1620 2926 1942 2991 Erwiibnnng
1990 2928 2160 2978 dieser
2198 2928 2378 2979 beiden
2420 2927 2633 2980 Classen

1570 3005 1576 3011 ’
1622 2994 1701 3062 28,
1729 2994 1777 3058 9,
1795 2995 1896 3057 ·17;
1923 2995 2003 3062 30,
2026 2995 2111 3060 45,
2136 2996 2195 3058 3;
2224 2995 2306 3062 31,
2333 2996 2414 3058 20,
2442 2997 2489 3046 7.

1689 3063 1857 3114 4-8,
1895 3068 2004 3114 tum
2027 3065 2077 3114 in
2103 3064 2271 3129 Bezug
2292 3063 2436 3131 auf§
2463 3064 2522 3127 13
2549 3063 2632 3116 aie

1622 3131 1685 3181 da
1728 3133 1985 3183 erwiibnte
2020 3132 2325 3198 Niederlage
2366 3148 2475 3183 war
2517 3133 2630 3185 also

1621 3200 1747 3250 ohne
1772 3200 1964 3265 Erfolg.
1988 3228 2058 3237 -—
2080 3200 2282 3267 colleg„
2310 3202 2405 3252 der
2426 3203 2555 3253 noch
2576 3202 2628 3253 in

1619 3265 1741 3318 Rom
1767 3283 1893 3318 war.
1915 3296 1983 3306 -—
2005 3271 2057 3318 .ςί
2074 3269 2175 3320 vid.
2201 3270 2261 3334 ei,
2285 3267 2365 3331 26,
2396 3268 2476 3334 16,
2505 3270 2557 3320 4.
2580 3301 2630 3311 —

1616 3336 1746 3386 nihil
1765 3336 1849 3399 aL,
1876 3335 1959 3400 31,
1986 3336 2067 3400 24,
2094 3337 2141 3387 3.
2168 3363 2238 3378 ---·
2259 3337 2478 3405 dispon„
2504 3338 2629 3404 prii-

1619 3411 1797 3467 gnant:
1820 3404 2093 3456 vertbeilte
2117 3405 2216 3455 und
2239 3405 2539 3473 bestimmte,
2562 3420 2628 3457 an

1618 3472 1843 3521 welcben
1869 3489 1919 3523 u.
1946 3489 1987 3523 ε.
2013 3487 2077 3523 W.

1687 3538 1887 3590 9—13.
1921 3541 2217 3610 principat„
2257 3543 2315 3591 s.'
2335 3542 2392 3605 4,
2430 3541 2523 3607 19,
2565 3542 2625 3606 83

1622 3606 1700 3669 10,
1727 3606 1818 3670 33,
1848 3607 1893 3670 1;
1928 3610 2008 3659 die
2032 3610 2212 3660 beiden
2237 3610 2349 3661 alae
2375 3611 2627 3663 sociorum

1616 3676 1791 3726 stenen
1825 3676 1933 3727 also
1967 3692 2030 3727 au
2067 3679 2161 3728 der
2187 3685 2336 3744 porta
2368 3680 2630 3745 praetoria

1612 3760 1662 3794 u.
1688 3744 1982 3810 decumana,
2015 3761 2055 3795 s.
2085 3762 2130 3797 c.
2152 3746 2239 3811 47,
2281 3748 2328 3811 13
2373 3748 2428 3814 3,
2464 3748 2522 3813 5,
2564 3750 2623 3811 53

1619 3811 1697 3876 10,
1723 3811 1806 3878 33,
1836 3815 1879 3863 1.
1905 3840 1974 3850 -
1996 3815 2150 3880 mgna
2172 3816 2290 3880 effi,
2322 3817 2390 3879 (n.
2415 3816 2625 3881 signise-

1612 3886 1754 3945 ros):
1789 3881 2062 3946 angreifen.
2085 3910 2155 3920 —
2174 3897 2268 3933 nec
2292 3879 2465 3936 deam.
2500 3891 2619 3948 etc„

1609 3950 1712 4013 vgl.
1738 3949 1794 4016 9,
1828 3949 1921 4013 41,
1963 3949 2042 4001 18.
2066 3977 2135 3988 -
2157 3956 2252 4002 aut
2274 3952 2374 4018 itt,
2405 3952 2510 4018 vgl.
2540 3951 2621 4020 32,

1609 4015 1691 4085 20,
1716 4018 1773 4080 5;
1800 4017 1883 4083 23,
1909 4017 1991 4085 34,
2018 4016 2064 4069 8.
2084 4046 2155 4058 -
2172 4022 2398 4085 Atinius,
2420 4019 2505 4084 32,
2526 4020 2622 4085 293
