2861 4550
209 409 510 452 -..01‚.1⁹⁵.
653 452 663 460 ,
870 350 1333 449 ιιΒΕιιΧΧΧιν.
1380 394 1522 448 mr.
1553 370 1744 448 14.15.‘
1966 397 1971 401 ·
2163 396 2167 400 ’
2237 374 2389 464 283

245 551 535 612 instantes
579 550 770 630 pavidi
805 550 1211 631 respiciebant.
1267 561 1333 613 ut
1371 550 1604 613 emissis
1645 549 1959 613 soliferreis
1999 549 2363 633 falaricisque

247 636 469 715 gladios
499 636 875 711 strinxerunt,
907 644 1030 698 tum
1058 637 1214 698 velut
1239 637 1624 716 redintegrata
1647 647 1737 698 est
1757 654 1974 717 pugna.
2033 654 2155 698 non
2178 639 2363 707 caecis

246 722 455 783 ictibus
483 722 691 800 procul
720 741 791 783 ex
818 721 1143 803 improviso
1168 721 1649 796 vulnerabantur,
1696 722 1797 783 sed
1827 723 1975 801 pede
2003 723 2211 784 collato
2240 731 2363 785 tota

244 807 308 868 in
342 807 555 869 virtute
592 825 660 868 ac
695 804 928 868 viribus
959 826 1094 888 spes
1136 815 1279 868 erat.
1337 808 1559 868 Fessos
1595 808 1707 869 iam
1753 826 1895 869 suos
1929 808 2136 869 consul
2165 827 2235 868 ex
2266 828 2361 871 se-

247 891 438 954 cunda
476 891 598 954 acie
639 892 980 954 subsidiaris
1020 892 1363 954 cohortibus
1390 893 1459 954 in
1499 910 1758 972 pugnam
1802 892 2055 955 inductis
2086 894 2367 955 accendit.

244 995 396 1039 nova
440 977 591 1039 acies
633 978 810 1052 facta3
853 977 1062 1056 integri
1098 977 1429 1040 recentibus
1469 978 1598 1039 telis
1637 978 1904 1056 fatigatos
1943 978 2131 1040 adorti
2170 978 2361 1040 hostis

244 1063 502 1142 primum
545 1063 663 1124 acri
701 1063 927 1143 impetu
963 1063 1120 1124 velut
1155 1078 1339 1130 cuneo
1370 1064 1770 1143 perculerunt,
1810 1063 2017 1127 deinde
2047 1062 2361 1142 dissipatos

243 1147 304 1208 in
334 1150 530 1227 fugam
560 1155 915 1211 averterunt:
947 1148 1134 1210 effuso
1164 1164 1270 1226 per
1300 1167 1474 1227 agros
1506 1164 1682 1210 cursu
1713 1156 1900 1211 castra
1929 1148 2359 1227 repetebantur.

245 1232 341 1294 ubi
371 1233 568 1295 omnia
602 1235 733 1312 fuga
768 1232 1052 1313 completa
1080 1232 1223 1295 vidit
1251 1232 1420 1306 Cato,
1453 1234 1678 1312 ipsead
1709 1234 2025 1296 secundam
2054 1233 2360 1313 legionem,

244 1336 392 1398 quae
419 1319 480 1379 in
511 1318 777 1381 subsidio
806 1318 1000 1398 posita
1030 1327 1168 1392 erat,
1195 1318 1507 1393 revehitur,
1537 1327 1595 1380 et
1623 1319 1788 1398 signa
1817 1338 1959 1400 prae
1984 1337 2048 1379 se
2075 1320 2212 1380 ferri
2233 1320 2360 1399 ple-

244 1422 442 1483 noque
475 1404 661 1483 gradu
697 1403 769 1465 ad
800 1411 988 1466 castra
1018 1403 1282 1464 hostium
1314 1405 1711 1483 oppugnanda
1741 1405 2050 1466 succedere
2077 1403 2250 1465 iubet.
2310 1406 2360 1466 si

245 1488 378 1568 quis
407 1497 565 1550 extra
594 1489 862 1551 ordinem
892 1488 1113 1551 avidius
1142 1489 1461 1569 procurrit,
1498 1489 1707 1568 etipse
1734 1489 2151 1569 interequitans
2181 1508 2358 1571 sparo

243 1573 525 1653 percutit,
564 1582 622 1634 et
663 1573 933 1636 tribunos
963 1574 1453 1654 centurionesque
1482 1575 1763 1653 castigare
1789 1574 1964 1637 iubet.
2023 1576 2138 1636 iam
2170 1582 2358 1636 castra

246 1658 762 1739 oppugnabantur,
813 1659 1087 1739 saxisque
1138 1668 1197 1720 et
1241 1659 1491 1722 sudibus
1549 1667 1607 1720 et
1648 1661 1811 1721 omni
1856 1677 2067 1740 genere
2106 1659 2359 1721 telorum

245 1744 764 1805 summovebantur
783 1763 816 1805 a
838 1744 986 1805 vallo
1010 1744 1278 1806 Romani.
1317 1745 1417 1806 ubi
1439 1762 1642 1806 recens
1664 1744 1898 1807 admota
1919 1744 2069 1824 legio
2093 1753 2201 1818 est,
2230 1753 2355 1806 tum

243 1836 301 1890 et
330 1829 808 1909 oppugnantibus
837 1829 1067 1891 animus
1098 1830 1295 1904 crevit,
1325 1836 1383 1892 et
1409 1830 1692 1892 infensius
1718 1831 1920 1892 hostes
1943 1848 2054 1911 pro
2079 1829 2220 1892 vallo
2244 1848 2357 1909 pu-

244 1915 511 1992 gnabant.
571 1915 779 1976 consul
807 1915 1004 1976 omnia
1034 1915 1216 1979 oculis
1246 1916 1575 1994 perlustrat,
1604 1923 1686 1987 ut,
1718 1934 1829 1996 qua
1858 1915 2099 1977 minima
2128 1915 2184 1975 vi
2206 1915 2356 1977 resi-

244 2007 447 2073 statur,
475 2019 541 2061 ea
563 2007 725 2079 parte
742 2000 1047 2081 irrumpat.
1098 2000 1170 2061 ad
1194 2000 1491 2065 sinistram
1515 2009 1745 2081 portam
1767 2001 2151 2081 infrequentis
2175 2000 2358 2063 videt:

130 2136 134 2145 ⁴
241 2146 337 2195 ben
377 2145 626 2208 iingstlieh
668 2146 793 2196 nach
833 2144 1105 2195 denselben
1155 2161 1245 2195 zu·
1392 2144 1586 2197 ‘3-5,
1622 2148 1679 2196 in
1703 2146 1945 2209 subsidio,
1972 2145 2282 2209 gewiibnlich
2306 2149 2359 2196 in

240 2212 391 2277 riick,
424 2214 735 2278 gewiibnlich
760 2213 886 2264 wird
910 2217 1165 2282 respicere
1191 2215 1242 2263 in
1349 2214 1607 2277 subndiis,
1631 2213 1713 2279 33,
1741 2215 1788 2279 8,
1813 2214 1870 2277 3,
1908 2183 1956 2278 2,
1980 2213 2064 2277 47,
2086 2214 2122 2264 4
2145 2230 2194 2264 ιι.
2219 2229 2264 2264 a.
2291 2241 2357 2251 —

238 2283 455 2333 anderor
473 2283 767 2346 Bedeutung
791 2282 1092 2346 gebraucht,
1125 2299 1169 2333 s.
1194 2283 1243 2342 4,
1352 2283 1606 2334 revehitur
1629 2285 1757 2333 ohne
1780 2299 1922 2350 equo,
1951 2298 1993 2333 s.
2022 2282 2076 2350 2,
2102 2282 2192 2345 47,
2214 2283 2272 2345 6,
2309 2283 2356 2348 7,

242 2350 321 2412 17,
348 2350 407 2412 53
441 2351 508 2401 ib.
531 2350 615 2415 46,
641 2352 698 2412 8,
732 2351 815 2414 24,
839 2350 930 2414 45,
955 2350 1010 2412 5,
1045 2321 1137 2415 2’7,
1165 2348 1243 2416 12,
1333 2349 1445 2413 33,
1469 2350 1525 2413 9,
1549 2351 1654 2414 vgl.
1680 2367 1723 2400 c.
1748 2350 1840 2414 38,
1879 2351 1931 2401 1:
1965 2351 2358 2403 circumvehitur

2408 567 2465 619 11

2390 817 2470 902 15

185 2464 190 2468 .
238 2417 296 2478 33
322 2417 474 2484 26,1,
497 2419 554 2470 4·
578 2423 884 2487 respectum.
906 2385 1243 2484 -εοίξΙέοννη
1351 2434 1400 2468 ιι.
1426 2434 1505 2483 e.,
1540 2425 1685 2469 sonst
1705 2419 1829 2472 auch
1852 2418 1943 2469 mit
1966 2434 2115 2484 equo,
2149 2434 2190 2469 s.
2215 2418 2271 2485 6,
2306 2418 2355 2482 8,
2442 2443 2445 2446 >

237 2484 320 2536 die
339 2485 505 2537 Wnffe
531 2488 727 2538 scheint
749 2501 844 2536 nur
866 2486 989 2536 noch
1015 2487 1247 2536 erwiihnt
1393 2486 1530 2550 ,10,
1555 2486 1637 2552 42,
1662 2485 1719 2535 3.
1756 2486 1803 2553 2,
1828 2486 1911 2548 47,
1939 2486 1970 2536 3
1994 2502 2043 2536 ιι.
2069 2501 2116 2537 a.
2140 2502 2358 2555 -prae

236 2569 300 2604 zu
322 2555 526 2605 werden
560 2572 660 2605 von
683 2555 823 2605 Fest.
856 2570 901 2604 ιι.
930 2553 1071 2604 Paul.
1103 2554 1244 2604 Diae.
1351 2570 1423 2617 se,
1448 2554 1540 2605 auf
1558 2524 1680 2604 Ca'to
1706 2570 1771 2604 zu
1789 2524 2046 2620 bozichen,
2077 2570 2132 2605 so
2158 2556 2275 2605 dass
2299 2570 2358 2605 er

117 2603 134 2616 ’
235 2638 284 2688 p
308 2621 641 2674 29812220110
668 2621 791 2674 Osee
822 2621 1009 2673 dicitur
1030 2622 1091 2672 id
1111 2621 1248 2688 quod
1350 2637 1413 2672 an
1447 2623 1540 2672 der
1570 2623 1742 2688 Spitze
1775 2623 1867 2673 der
1896 2622 2151 2685 Legionen
2196 2623 2353 2687 folgt3

233 2705 331 2740 nos
354 2693 522 2741 totum
541 2705 801 2742 vocamus.
809 2689 1245 2758 ——selh‘ferreum
1349 2690 1566 2740 leicbter
1598 2690 1731 2740 wiire
1748 2691 1928 2755 serre,
1965 2705 2007 2740 s.
2034 2689 2195 2756 Marq.
2220 2690 2280 2752 3,
2305 2690 2355 2751 2,

230 2757 534 2823 genusteli,
567 2758 1016 2823 totumserreum.
1041 2784 1110 2795 -—
1150 2759 1242 2822 fa-
1350 2757 1525 2809 265ιι.
1553 2758 1634 2809 53.
1658 2758 2016 2826 -plmogm
2048 2773 2091 2808 s.
2117 2774 2159 2808 c.
2189 2757 2267 2822 16,
2294 2758 2353 2819 2,

233 2826 394 2887 lario„
419 2841 459 2877 s.
485 2825 567 2887 21,
593 2826 649 2888 8,
679 2825 768 2889 10,
792 2841 873 2876 wo
898 2827 992 2880 sie
996 2826 1120 2877 aber
1141 2841 1240 2876 von
1350 2826 1399 2890 4,
1419 2825 1502 2888 32,
1526 2827 1615 2876 10·
1600 2826 1868 2890 ,Veget1,
1887 2826 1941 2876 9.
1960 2825 2358 2892 militarigradu

233 2894 332 2944 den
348 2893 558 2945 Manem
577 2890 960 2945 oderTbiirmen
978 2895 1242 2959 gescblen-
1347 2896 1532 2959 viginti
1551 2894 1691 2945 milia
1708 2893 1961 2964 passuum
1982 2895 2125 2945 hom
2141 2897 2358 2960 qaednque

233 2962 347 3014 dert
370 2964 592 3027 werden,
617 2991 685 2999 —-
709 2964 899 3025 caecis,
924 2964 1051 3013 ohne
1076 2963 1240 3013 sicbe—
1347 2962 1627 3014 dum-taceat
1646 2966 1853 3014 nectitis
1875 2962 2187 3028 conficienda
2207 2967 2358 3024 suut,-

232 3046 316 3080 res
341 3030 477 3093 Ziel,
511 3048 563 3082 c.
587 3030 680 3094 39,
717 3031 779 3092 6,
814 3029 934 3081 Tac.
960 3030 1019 3080 Η.
1055 3030 1128 3090 3,’
1148 3029 1238 3081 23.
1342 3031 1493 3099 pleno
1516 3035 1693 3081 autem
1705 3031 1903 3097 gradu,
1929 3033 2017 3096 qui
2035 3032 2239 3081 citatior
2260 3036 2355 3094 est,

215 3098 367 3163 salso
398 3101 528 3166 ictu,
561 3100 630 3150 im
664 3098 981 3164 Gegensatze
1014 3115 1078 3148 zu
1111 3102 1244 3149 certi
1348 3099 1562 3150 totidem
1599 3100 1745 3151 Iton's
1784 3098 1970 3151 XXIV
2016 3099 2160 3149 milia
2241 3114 2357 3150 era-

230 3169 378 3217 ietns.
1341 3168 1517 3234 genda
1539 3173 1773 3219 sunt.—
1704 3169 2102 3234 —intereqaedt.,
2131 3183 2171 3217 s.
2234 3168 2280 3234 5,
2305 3169 2353 3229 5,

303 3226 404 3284 15.
452 3235 617 3285 1-2,
655 3235 848 3286 aubevil.
874 3235 1003 3297 cole„
1027 3236 1087 3285 da
1115 3236 1238 3286 nach
1350 3236 1440 3298 10,
1447 3236 1519 3300 6,
1546 3237 1592 3300 7,
1622 3235 1670 3286 3.
1679 3251 1959 3320 t-sparo,
1988 3204 2129 3286 Fes't.
2154 3251 2202 3302 p.
2232 3235 2354 3285 330:

229 3301 263 3367 ξ
295 3301 327 3350 3
360 3303 486 3352 auch
519 3303 600 3353 die
634 3303 814 3354 zweite
837 3303 1026 3368 Legion
1062 3304 1112 3354 in
1145 3305 1239 3354 der
1344 3320 1503 3373 spara
1537 3307 1836 3373 permaximi
1868 3306 2079 3370 generis
2117 3305 2285 3355 iacula
2322 3321 2355 3354 α
2457 3357 2460 3361 Α

229 3369 454 3421 Reserve
496 3372 656 3433 steht,
700 3387 757 3422 so
800 3373 910 3422 sind
949 3378 1102 3423 unter
1140 3373 1236 3423 den
1344 3373 1666 3440 spargende,
1707 3374 1809 3436 vgl.
1849 3371 2058 3424 Servius
2100 3389 2165 3422 zu
2196 3372 2350 3436 Verg.

163 3447 167 3451 “
210 3438 421 3490 ‚sectarim
446 3440 684 3491 cohortes
711 3440 1124 3493 wnhrscheinlicb
1156 3442 1237 3491 die
1343 3441 1473 3491 Aen.
1504 3441 1588 3504 11,
1623 3410 1750 3491 682.
1783 3455 1971 3508 sparus
1996 3444 2077 3490 est
2099 3443 2353 3492 rusticum

229 3508 320 3558 der
351 3507 561 3558 sinistra
594 3508 674 3558 ala
715 3525 779 3558 zu
820 3510 1114 3576 verstehen,
1156 3509 1240 3559 die
1345 3508 1580 3560 telumin
1599 3508 1810 3560 modum
1831 3509 1951 3577 pedi
1973 3523 2258 3560 recurvum·
2285 3535 2350 3546 -——

228 3575 690 3640 Schlacbtordnung
721 3577 820 3627 wie
847 3576 1538 3644 27,1,7,v31.sud2·1›.,
1582 3592 1624 3626 s,
1649 3576 1742 3637 40,
1767 3574 1824 3639 6,
1860 3576 1907 3626 6.
1932 3591 2224 3641 -νοοοηε,
2254 3578 2350 3627 wie

227 3644 308 3708 32,
333 3644 417 3707 21,
444 3644 501 3707 7,
531 3660 595 3694 zu
619 3644 828 3696 denken.
854 3673 920 3686 --
943 3645 1236 3708 volutem„
1343 3645 1377 3711 ξ
1403 3643 1459 3695 2
1485 3646 1798 3705 recentibus3
1827 3644 1951 3694 doch
1971 3644 2103 3696 kann
2123 3646 2350 3710 zugleich
2402 3665 2403 3668 ¹

226 3714 273 3763 in
292 3728 471 3777 eng-ern
488 3712 781 3776 Anschluss,
805 3713 910 3776 vgl.
930 3717 1239 3781 compressis
1344 3713 1425 3763 die
1459 3713 1762 3776 Andeutung
1793 3712 1886 3763 der
1916 3711 2031 3764 Zeit
2072 3715 2212 3765 dario
2255 3714 2349 3763 lie-

228 3780 505 3846 armus,
519 3780 568 3846 8,
581 3780 1237 3845 8,12,wieosbeiderkei1-
1344 3795 1465 3844 gen:
1498 3780 1579 3830 die
1608 3780 1737 3831 eben
1770 3779 1923 3831 frisci·
1946 3783 2349 3846 angekommene.
2416 3781 2428 3794 ’

226 3848 466 3912 formigen
503 3849 739 3918 Stellung
770 3850 1076 3913 gewiibnlicb
1108 3864 1232 3911 wer,
1341 3876 1411 3885 —
1443 3848 1573 3899 vallo
1616 3855 1713 3899 etc.
1729 3850 1885 3913 ,.vgl
1921 3849 2114 3900 Charis,
2146 3864 2194 3914 p.
2222 3848 2346 3897 218:

226 3915 327 3978 vgl.
357 3916 436 3980 10,
459 3917 550 3983 29,
576 3918 636 3981 7·
671 3915 765 3982 32,
792 3918 872 3982 17,
899 3918 991 3979 11,
1035 3916 1124 3983 22,
1149 3918 1234 3980 47,
1344 3916 1468 3967 Cato
1498 3916 1622 3967 dier.
1655 3917 1776 3969 dict.
1809 3917 1872 3969 de
1903 3934 2038 3969 cons.
2072 3932 2167 3967 suo
2203 3917 2349 3966 “iam

228 3984 276 4033 5.
315 4009 384 4022 ·-
424 3987 610 4050 effluo,
652 3987 742 4036 das
776 3986 1072 4055 Asyndeton
1109 3955 1234 4038 'heht
1339 3985 1484 4054 apud
1499 3986 1687 4037 vallum
1709 3990 1882 4037 nostra·
1902 3987 2031 4035 salzb
2062 3984 2345 4049 ιιιςτιῠαιητέι

227 4051 393 4103 dieses
417 4051 638 4104 moment
659 4055 862 4107 berver.
1408 4052 1558 4105 6-9.
1593 4072 1656 4106 ea
1677 4071 1797 4118 soc„
1828 4054 1871 4116 1,
1890 4053 1973 4116 27,
2001 4052 2061 4113 6,
2090 4052 2170 4115 24,
2195 4051 2278 4117 46,
2301 4053 2344 4102 1.
