2861 4550
284 424 326 454 ι.
348 410 432 452 Oh.
452 410 546 452 195.

930 393 1124 447 LIBER
1158 392 1403 447 XXXIV.
1457 395 1602 449 CAR·
1628 395 1677 448 2.
1705 397 1753 447 3.

2276 402 2398 467 261

283 560 341 613 et
368 549 623 612 comitiis
656 548 988 611 immisceri.
1051 547 1190 628 quid
1220 547 1377 610 enim
1406 567 1568 612 nunc
1596 550 1747 612 aliud
1777 569 1884 631 per
1911 553 2031 614 vias
2064 560 2121 615 et
2152 555 2407 634 compita
2455 572 2515 622 12

283 637 499 698 faciunt
529 654 708 715 quam
737 634 1105 715 rogationem
1134 633 1507 697 tribunorum
1535 635 1691 716 plebi
1720 636 1987 711 suadent,
2022 637 2191 700 aliam
2219 639 2411 720 legem

283 721 679 801 abrogandam
710 717 990 782 censent?
1037 720 1168 781 date
1196 720 1396 782 frenos
1425 721 1737 802 impotenti
1766 729 2010 785 naturae
2036 731 2095 785 et
2115 723 2405 787 indomito
2453 736 2514 785 13

284 807 517 869 animali
556 814 614 867 et
650 814 880 886 sperate
919 806 1078 885 ipsas
1110 805 1353 866 modum
1380 806 1643 872 licentiae
1665 807 1937 883 facturaS,
1966 807 2081 870 nisi
2101 828 2208 870 vos
2230 811 2405 873 facie-

281 893 376 954 tis.
436 891 750 954 minimum
785 892 902 952 hoc
940 908 1145 952 eorum
1186 898 1300 963 est,
1341 909 1488 970 quae
1527 891 1731 972 iniquo
1771 893 1967 955 animo
2009 894 2258 956 feminae
2294 895 2407 957 sibi
2454 901 2514 952 14

282 988 382 1039 aut
408 977 674 1039 moribus
704 985 804 1039 aut
826 975 1048 1056 legibus
1070 974 1324 1037 iniuncta
1348 977 1666 1056 patiuntur.
1720 978 1984 1041 omnium
2009 997 2205 1041 rerum
2228 979 2406 1042 liber-
2508 976 2513 980 ’

284 1071 477 1137 tatem,
505 1063 687 1125 immo
719 1061 1032 1134 licentiam,
1066 1060 1116 1122 si
1147 1080 1281 1122 vere
1310 1061 1507 1123 dicere
1536 1063 1824 1139 volumus,
1858 1064 2208 1127 desiderant.
2267 1065 2404 1145 quid

281 1150 458 1221 enim,
491 1148 542 1209 si
571 1149 690 1210 hoc
718 1147 1189 1229 expugnaverint,
1220 1165 1343 1209 non
1375 1147 1825 1228 temptabunt?“

450 1234 810 1309 „Recensete
856 1232 1052 1294 omnia
1095 1232 1400 1294 muliebria
1444 1233 1596 1308 iura,
1641 1234 1851 1315 quibus
1881 1234 2172 1297 licentiam
2202 1254 2404 1309 earum
2440 1237 2480 1298 8

280 1320 652 1399 adligaverint
687 1320 941 1381 maiores
978 1317 1196 1392 nostri,
1233 1337 1343 1397 per
1382 1336 1646 1399 quaeque
1685 1319 2032 1382 subiecerint
2066 1321 2234 1397 viris3
2274 1321 2406 1401 qui-

279 1405 391 1467 bus
426 1406 706 1467 omnibus
738 1404 1086 1466 constrictas
1116 1403 1209 1464 vix
1238 1414 1436 1464 tamen
1469 1404 1766 1467 continere
1794 1407 2062 1486 potestis.
2123 1405 2308 1487 quid?
2354 1408 2403 1468 si
2449 1421 2478 1471 2

281 1508 518 1570 carpere
549 1489 773 1568 singula
803 1497 861 1551 et
888 1496 1235 1568 extorquere
1264 1496 1321 1550 et
1349 1491 1582 1570 aequari
1616 1490 1687 1552 ad
1714 1498 2037 1558 extremum
2058 1492 2196 1554 viris
2219 1493 2404 1573 patie-

280 1575 456 1649 mini,
496 1574 820 1636 tolerabiles
860 1574 1028 1637 vohis
1068 1592 1165 1635 eas
1204 1575 1329 1635 fore
1359 1573 1638 1638 creditis?
1682 1577 1989 1658 extemplo,
2029 1578 2205 1639 simul
2231 1597 2403 1658 pares

282 1678 413 1722 esse
452 1660 777 1739 coeperint,
816 1659 1151 1739 superiores
1183 1668 1369 1721 erunt.
1430 1672 1490 1722 at
1516 1662 1778 1733 hercule,
1818 1680 1895 1724 ne
1925 1662 2064 1742 quid
2093 1682 2314 1726 novum
2343 1663 2405 1725 in
2448 1669 2479 1719 3

281 1764 378 1807 eas
408 1752 673 1824 rogetur,
713 1754 1004 1818 recusant,
1035 1763 1156 1806 non
1185 1745 1275 1806 ius
1306 1746 1411 1807 sed
1440 1745 1711 1809 iniuriam
1743 1748 2142 1829 deprecantur.
2199 1749 2406 1825 immo,
2447 1753 2477 1803 4

281 1839 348 1894 ut
392 1848 567 1911 quam
605 1830 907 1911 accepistis
943 1829 1198 1894 iussistis
1239 1832 1528 1910 suffragiis
1569 1833 1778 1895 vestris
1816 1834 2031 1914 legem,
2075 1853 2252 1915 quam
2292 1854 2405 1896 usu

280 1923 370 1978 tot
406 1933 696 1977 annorum
734 1928 792 1978 et
820 1916 1170 1996 experiendo
1203 1917 1663 1997 comprobastiS,
1704 1918 1859 1981 hanc
1886 1927 1953 1981 ut
1979 1920 2300 2000 abrogetis:
2345 1920 2403 1982 id

279 2009 397 2076 est,
442 2009 511 2064 ut
547 2019 727 2064 unam
765 2001 1022 2064 tollendo
1061 2002 1247 2082 legem
1287 2011 1506 2066 ceteras
1545 2004 1872 2067 infirmetis.
1938 2005 2093 2069 nulla
2130 2008 2220 2068 lex
2261 2006 2404 2068 satis

277 2147 326 2212 4,
350 2147 665 2210 gewiihnlich
689 2147 825 2199 nicht
846 2153 1062 2211 gesetzt,
1086 2147 1191 2211 vgl.
1205 2146 1288 2211 je-

277 2215 401 2265 doch
434 2215 527 2280 26,
554 2215 732 2281 2,16;
781 2215 847 2266 ib.
886 2214 971 2280 14,
1000 2214 1059 2279 33
1108 2216 1166 2281 4,
1201 2215 1284 2280 26,

280 2282 370 2346 12;
403 2284 496 2350 41,
521 2284 613 2348 23,
643 2286 719 2336 13.
744 2312 814 2322 —
837 2288 1095 2351 rogation.
1119 2284 1287 2347 suad„

276 2352 374 2402 wie
414 2354 467 2403 in
507 2354 651 2403 einer
692 2354 876 2403 contio.
917 2380 986 2391 —
1025 2353 1180 2403 aliam
1220 2353 1290 2403 ist

275 2420 691 2472 wahrscbeinlich
724 2422 860 2471 nieht
898 2420 1104 2485 richtig,
1145 2420 1286 2470 viell.

275 2491 553 2555 antiquam,
582 2505 625 2540 c.
640 2488 689 2554 3,
702 2488 751 2551 4,
778 2488 900 2538 oder
923 2504 984 2538 ac
999 2491 1105 2539 iam
1124 2504 1188 2537 zu
1210 2489 1287 2538 le·

276 2571 386 2607 sen.

350 2622 581 2677 13-14,
607 2624 847 2691 datesr„
871 2624 971 2674 wie
994 2624 1061 2674 im
1086 2622 1285 2676 Griech.

276 2689 568 2747 ἐνδιδόναι
586 2688 687 2744 τὸν
708 2686 974 2760 χαλινόνε
997 2693 1097 2742 und
1117 2692 1285 2743 dieses

276 2760 347 2811 ist
369 2776 467 2811 nm·
488 2761 581 2812 der
602 2759 816 2824 Aufeng.
843 2791 891 2799 ——
912 2764 1134 2812 naturae
1160 2760 1286 2812 We-

275 2843 395 2890 sen3
429 2830 644 2881 mzt‘rnali
666 2827 930 2895 Gescho'pf.
954 2857 1025 2868 --
1048 2834 1101 2880 ot
1127 2845 1287 2898 sper„

276 2911 317 2947 s.
347 2897 394 2962 7,
412 2897 498 2965 40,
520 2899 599 2963 14,
618 2899 665 2949 d.
684 2899 730 2948 h.
753 2897 832 2947 ihr
847 2898 1044 2948 wei-det
1058 2904 1287 2948 umsonst

273 2964 439 3016 huffen
466 2967 582 3018 dass
608 2967 683 3017 sie
707 2993 779 3004 ·-—
798 2978 944 3016 wenn
970 2967 1049 3017 ihr
1078 2966 1214 3017 nicht
1235 2983 1284 3018 ιι.

276 3049 318 3086 ο.
330 3048 425 3096 w.;
450 3036 526 3085 ihr
543 3035 705 3086 selbst
723 3033 884 3085 miisst
901 3049 957 3084 es
976 3036 1126 3096 thun3
1149 3037 1289 3102 ipsas

274 3101 475 3153 bezieht
510 3104 616 3154 sich
652 3102 745 3153 anf
773 3102 854 3153 die
888 3102 1112 3168 Fretum,
1154 3102 1290 3153 nicht

273 3168 366 3220 auf
400 3170 480 3220 die
522 3172 764 3222 nh'chsten
797 3170 1013 3235 Begriffe
1053 3173 1285 3233 naturae,

274 3238 501 3289 am'mali.
519 3239 893 3306 —mod.sact.
918 3240 1021 3303 vgl.
1045 3255 1087 3289 c.
1113 3237 1158 3304 6,
1191 3238 1283 3301 103

274 3304 322 3366 4,
351 3304 434 3366 24,
462 3305 522 3368 43
549 3307 631 3375 25,
654 3307 737 3372 40,
771 3307 848 3358 12.
868 3335 936 3345 —
952 3309 1148 3358 nn'rzim.
1169 3313 1284 3371 etc„

273 3373 349 3423 sie
367 3375 572 3425 werden
588 3392 671 3426 um
689 3391 747 3426 so
769 3377 1016 3439 gewisser
1034 3375 1148 3426 kein
1169 3374 1283 3426 Ziel

274 3448 452 3493 netzen
468 3481 482 3504 ‚
509 3443 571 3494 da
594 3459 652 3494 es
673 3445 835 3495 vieles
859 3444 1173 3509 Wichtigere
1199 3443 1284 3493 fiir

274 3510 350 3561 sie
374 3512 530 3575 giebt.
554 3514 739 3564 morib.
763 3528 839 3564 ac.
863 3513 982 3581 leg„
1009 3527 1050 3563 s.
1089 3511 1171 3574 32,
1196 3513 1282 3578 25,

273 3579 322 3630 2.
345 3583 662 3632 -omnt’um
685 3597 817 3633 rer„-
842 3581 889 3632 in
915 3581 1048 3631 allen
1069 3581 1282 3645 Diogen,

271 3648 637 3713 vollstiindige‚
674 3650 856 3714 gehdrt
888 3649 1013 3699 auch
1037 3665 1101 3699 zu
1123 3649 1284 3700 licen-

274 3719 416 3768 tiam.
435 3733 651 3783 —vere,
678 3733 720 3767 s.
741 3716 789 3777 2,
811 3717 888 3782 59,
909 3716 966 3777 9;
985 3717 1068 3779 41,
1090 3716 1282 3781 23,13:

273 3786 323 3836 εἰ
334 3802 450 3837 vere
466 3785 700 3838 volumus
717 3785 886 3836 dicere
903 3787 1024 3835 nach
1036 3786 1128 3835 der
1140 3784 1286 3836 Wie-

276 3868 368 3903 ner
390 3853 510 3905 Hds.
535 3882 605 3892 ·-
626 3852 752 3920 q'm‘d
779 3870 859 3905 en.
886 3860 1003 3917 etc„
1037 3860 1162 3904 statt
1194 3854 1284 3904 des

276 3919 679 3974 Schlusssatzes:
705 3923 780 3973 sie
805 3922 1011 3973 streben
1026 3923 1151 3972 nach
1168 3921 1284 3973 viil-

275 3987 405 4049 liger
421 3987 878 4056 Unabbiiugigkeit,
896 3990 1033 4055 jetzt
1056 3990 1179 4041 aber
1203 4005 1285 4040 er·

274 4055 475 4106 reichen
501 4059 574 4108 cie
599 4075 696 4109 nur
717 4060 899 4126 wenig,
923 4059 1129 4124 folglich
1154 4073 1286 4108 wer-

1393 2149 1490 2267 ‹llgn
1516 2149 1591 2198 sie
1614 2164 1663 2200 u.
1688 2163 1730 2199 s.
1756 2163 1822 2199 w.
1869 2165 2184 2218 eoepugnav„
2220 2148 2278 2215 9,
2317 2148 2401 2203 26,

1464 2274 1528 2336 3.
1565 2285 1732 2335 1-2.
1768 2286 1910 2336 Danu
1943 2288 2144 2337 werden
2179 2287 2256 2336 sie
2278 2293 2406 2338 atatt

1395 2368 1582 2403 euerer
1616 2354 1906 2404 herrschen.
1934 2380 2006 2392 —-
2029 2355 2299 2406 muliebria
2321 2358 2403 2405 iu·

1394 2436 1478 2485 ra,
1513 2419 1703 2470 Rechte
1727 2421 1776 2469 in
1803 2421 1974 2485 Bezug
1994 2421 2105 2484 auf,
2137 2437 2297 2486 gegeu
2323 2422 2404 2472 die

1395 2488 1619 2554 Frauen,
1654 2488 1733 2538 die
1768 2487 2402 2554 Rechtsbeschrfinkungen

1394 2556 1678 2618 domesticu,
1702 2556 1800 2606 wie
1825 2573 1868 2608 c.
1891 2557 1937 2621 2,
1951 2557 1982 2608 9
2004 2573 2134 2622 moe,
2152 2559 2257 2622 vgl.
2275 2557 2401 2609 Rein

1393 2624 1612 2676 Privatr.
1640 2624 1694 2675 S.
1723 2624 1838 2675 153.
1860 2652 1931 2664 —-
1951 2626 2171 2692 adligata
2205 2644 2256 2676 ιι.
2284 2643 2404 2677 con-

1393 2696 1602 2745 strictas
1635 2693 1756 2744 nach
1792 2693 1902 2744 dem
1937 2692 2136 2759 Tropus
2160 2694 2259 2743 wie
2283 2710 2329 2743 c.
2353 2695 2403 2758 4,

1397 2762 1487 2812 19:
1524 2763 1746 2821 beffiae,-
1769 2761 1828 2823 2,
1856 2761 1941 2811 13:
1965 2761 2192 2811 animali.
2217 2789 2287 2798 --
2307 2777 2405 2829 per

1392 2847 1586 2897 quaeq„
1613 2846 1654 2880 s.
1681 2828 1839 2896 praef.
1866 2829 1916 2879 4.
1939 2856 2009 2867 —
2031 2828 2306 2896 extemplo,
2330 2833 2403 2879 si-

1390 2899 1522 2961 mul,
1557 2897 1660 2948 Cic.
1696 2897 1847 2949 Verr.
1881 2897 1939 2958 4,
1974 2896 2062 2959 39,
2099 2897 2188 2947 84:
2225 2899 2315 2962 qui
2345 2901 2409 2948 ut

1393 2982 1530 3084 {331¹
1533 2969 2024 3097 ffiffissssssgif‘if'
2027 2980 2272 3100 Toffssf'
2272 2970 2401 3025 ‘'⁰²‘’

1464 3101 1633 3151 3—5.
1680 3102 1780 3152 Das
1814 3101 2096 3153 Verfaliren
2138 3101 2279 3152 fiihrt
2311 3118 2406 3153 zur

1393 3169 1696 3234 Aufhebung
1734 3170 1863 3220 aller
1904 3169 2143 3221 Gesetze.
2198 3187 2402 3237 novum,

1393 3241 1508 3289 eine
1541 3254 1668 3290 neue
1693 3238 2097 3303 Beschriinknng.
2121 3267 2189 3276 —
2213 3256 2321 3305 eas,
2360 3256 2402 3290 ε.

1394 3306 1484 3370 31,
1514 3307 1604 3372 11,
1633 3307 1713 3357 12.
1736 3334 1806 3346 -—
1825 3310 1912 3358 ius
1956 3308 2071 3358 eine
2094 3309 2402 3372 gesetzlicbc

1392 3376 1729 3440 Bestimmung
1762 3376 1860 3426 wie
1896 3346 1930 3441 ᾇ
1964 3377 2019 3426 5:
2057 3378 2254 3443 officiet
2295 3379 2401 3427 ius.

1390 3471 1461 3483 --·
1480 3448 1654 3506 immo,
1681 3445 1810 3495 dazu
1833 3445 1905 3495 ist
1925 3458 2016 3494 aus
2041 3444 2404 3512 deprwantwm

1391 3530 1458 3563 zu
1474 3515 1682 3563 uelamen
1735 3512 1976 3563 ostulant.
1994 3543 2042 3552 -
2059 3516 2329 3582 accepistis
2352 3514 2403 3564 in

1391 3582 1562 3645 Bezug
1578 3580 1670 3632 auf
1681 3529 1760 3631 (sie
1780 3578 2025 3644 Rogation
2045 3596 2087 3632 s.
2106 3580 2140 3648 ξ
2159 3582 2220 3643 5;
2246 3581 2295 3643 6,
2319 3581 2401 3646 39,

1397 3649 1488 3711 12;
1520 3652 1780 3711 ine-vistis,
1823 3649 1915 3698 der
1946 3650 2231 3717 techujsche
2263 3651 2403 3700 Aus-

1393 3717 1552 3767 druck
1573 3716 1659 3766 ffir
1680 3717 1760 3767 die
1785 3717 2082 3769 Beschliisse
2107 3720 2198 3769 des
2220 3715 2402 3767 Volks.

1392 3813 1461 3823 --
1477 3801 1580 3837 usu
1598 3785 1947 3848 Anwendun33
1976 3784 2297 3855 exportando,
2320 3783 2402 3833 die

1393 3852 1758 3918 Erfabrungen,
1784 3854 1948 3904 indem
1973 3855 2051 3904 ihr
2071 3851 2301 3904 desselbe
2320 3866 2402 3900 er-

1392 3922 1621 3988 probtet3
1664 3922 1791 3972 iiber
1829 3922 1909 3972 die
1945 3922 2271 3981 Verbindnng
2311 3919 2401 3969 mit

1390 3989 1688 4055 metz,
1723 3991 1976 4054 43115‚
2010 3988 2404 4053 4.—-kmaecut,

1392 4058 1478 4124 22,
1506 4058 1584 4124 11,
1607 4060 1657 4111 4.
1682 4086 1752 4100 --
1773 4027 1913 4109 uuita
1935 4063 2052 4121 etc„
2073 4072 2138 4107 aa
2164 4054 2401 4107 Griinden

2446 2010 2475 2060 5
