2861 4550
211 387 256 417 a.
273 376 361 418 ch.
380 376 474 417 19⁷.
909 361 1105 416 LIBER
1126 360 1369 418 XXXIII.
1428 362 1570 428 CAP.
1598 362 1647 414 6.
2219 370 2331 431 181

211 524 310 579 tus
352 515 519 577 omni
556 515 690 579 loco
733 516 935 580 castris
974 516 1269 597 ponendis
1301 524 1481 588 esset,
1522 533 1873 596 progressus
1903 519 2205 582 modicum
2234 520 2343 582 iter

212 620 321 664 sex
358 601 545 662 ferme
582 602 740 665 milia
781 622 816 665 a
842 601 1048 664 Pheris
1090 622 1225 664 cum
1264 602 1661 673 consedisset,
1701 603 2091 682 speculatum,
2131 605 2194 666 in
2229 624 2341 684 qua

210 694 384 766 parte
416 684 745 752 Thessaliae
773 687 965 751 hostis
993 696 1178 758 esset,
1216 687 1425 767 quidve
1454 694 1714 767 pararet,
1754 687 1933 749 misit.
1994 689 2144 751 circa
2174 689 2339 752 Lari-

212 789 350 834 sam
388 779 513 832 erat
558 792 679 836 rex.
749 772 962 836 certior
996 773 1112 836 iam
1150 773 1337 836 factus
1374 772 1705 835 Romanum
1745 772 1819 834 ab
1858 774 2077 835 Thebis
2116 775 2335 840 Pheras

213 854 506 930 movisse,
536 858 772 938 defungi
799 876 975 938 quam
1004 857 1263 938 primum
1296 866 1353 920 et
1380 857 1511 936 ipse
1539 857 1855 920 certamine
1884 858 2125 937 cupiens
2158 859 2339 922 duce-

213 960 282 1003 re
309 940 385 1004 ad
413 941 645 1006 hostem
673 943 879 1023 pergit,
909 951 967 1006 et
995 962 1087 1005 1111
1116 942 1272 1014 milia
1300 945 1422 1005 fere
1451 961 1484 1004 a
1514 941 1722 1004 Pheris
1752 943 1956 1023 posuit
1984 952 2188 1007 castra.
2243 943 2338 1008 in-

213 1027 289 1088 de
314 1033 557 1106 postero
580 1027 675 1090 die
696 1046 834 1090 cum
856 1026 1106 1108 expediti
1127 1028 1422 1109 utrimque
1443 1028 1513 1090 ad
1538 1029 1913 1107 occupandos
1934 1046 2113 1110 super
2134 1029 2339 1092 urbem

212 1112 477 1175 tumulos
498 1114 950 1193 processissent,
974 1113 1098 1195 pari
1123 1114 1307 1178 ferme
1328 1112 1627 1176 intervallo
1651 1111 1723 1174 ab
1749 1113 1906 1193 iugo,
1930 1114 2089 1194 quod
2101 1115 2341 1195 capien-

211 1198 358 1259 dum
387 1206 531 1273 erat,
563 1217 698 1261 cum
724 1199 879 1261 inter
904 1218 972 1262 se
1000 1200 1302 1280 conspecti
1331 1208 1547 1272 essent,
1578 1198 1982 1275 constiterunt,
2011 1200 2254 1262 nuntios
2278 1201 2339 1261 in

212 1290 405 1345 castra
431 1283 740 1358 remissos,
770 1285 871 1364 qui
903 1285 1041 1365 quid
1074 1285 1215 1358 sibi,
1247 1284 1524 1364 quoniam
1554 1292 1786 1364 praeter
1814 1302 1981 1364 spem
2013 1285 2202 1347 hostis
2237 1304 2339 1346 oc-

211 1367 516 1441 currisset,
547 1369 872 1431 faciendum
904 1378 1061 1432 esset
1089 1370 1479 1442 consulerent,
1515 1369 1689 1448 quieti
1720 1369 2109 1449 opperientes.
2155 1378 2212 1433 et
2239 1370 2338 1433 illo

210 1452 453 1532 quidem
484 1452 579 1520 die
605 1455 765 1518 nullo
793 1455 940 1517 inito
973 1455 1287 1517 certamine
1314 1456 1375 1518 in
1404 1463 1595 1518 castra
1623 1456 1879 1516 revocati
1902 1463 2071 1529 sunt3
2099 1463 2340 1535 postero

212 1538 311 1600 die
338 1537 497 1602 circa
523 1539 765 1606 eosdem
793 1541 1053 1606 tumulos
1084 1549 1357 1620 equestre
1386 1540 1673 1620 proelium
1703 1539 1827 1615 mit,
1857 1540 1920 1602 in
1941 1559 2058 1619 quo
2080 1558 2207 1602 non
2228 1540 2340 1602 mi·-

208 1623 451 1686 nimum
486 1623 830 1688 Aetolorum
883 1644 1059 1705 opera
1111 1626 1252 1704 regii
1287 1626 1476 1705 ‚fugati
1517 1634 1691 1705 atque
1727 1625 1790 1685 in
1827 1633 2015 1687 castra
2054 1625 2344 1705 compulsi

210 1717 371 1771 sunt.
449 1727 731 1789 magnum
769 1710 1026 1790 utrisque
1064 1710 1551 1791 impedimentum
1591 1711 1661 1772 ad
1702 1728 1826 1771 rem
1869 1709 2182 1788 gerendam
2237 1710 2345 1771 fuit

210 1813 348 1875 ager
388 1795 659 1858 consitus
691 1795 913 1857 crebris
943 1794 1253 1857 arboribus
1282 1797 1582 1877 hortique,
1611 1803 1679 1857 ut
1705 1794 1766 1856 in
1796 1794 2147 1856 suburbanis
2176 1793 2341 1868 locis,

210 1888 269 1943 et
298 1887 562 1944 coartata
599 1881 806 1944 itinera
848 1880 1113 1942 maceriis
1144 1889 1203 1942 et
1227 1880 1580 1962 quibusdam
1608 1879 1753 1942 locis
1783 1880 2110 1942 interclusa.
2149 1879 2344 1960 itaque

209 2062 275 2097 zu
306 2045 583 2108 baiolum,
612 2045 664 2095 in
689 2044 967 2098 Riicksicht
996 2044 1089 2098 auf
1110 2061 1154 2097 e.
1179 2046 1228 2109 5,
1339 2041 1541 2103 αὐτούς
1571 2039 1686 2096 ὑπὸ
1720 2039 1824 2109 τὴν
1855 2039 2073 2114 ὅρφνυν
2104 2041 2165 2095 ἐκ
2194 2038 2348 2097 πανὺ

210 2114 272 2176 4;
301 2115 429 2166 nach
460 2112 638 2180 Polyb.
663 2122 910 2167 erwartet
931 2131 1042 2166 man
1067 2130 1124 2166 es
1148 2113 1229 2164 bei
1335 2115 1571 2184 βραχέος
1589 2107 1984 2182 διαστήματος.
2000 2140 2071 2150 --·
2095 2116 2347 2165 occurris-

210 2182 538 2250 speoadatum
568 2185 735 2233 nutrit.-
769 2178 909 2235 κατὰ
942 2181 1005 2236 δὲ
1037 2179 1139 2248 τὴν
1172 2179 1229 2233 ἔ·
1336 2189 1417 2235 set
1446 2211 1517 2221 —
1545 2185 1706 2246 esset,
1739 2181 2028 2233 consuleret
2058 2181 2171 2232 eine
2203 2183 2346 2233 barte

213 2251 467 2306 πιοῦσαν
499 2278 569 2290 -
592 2248 875 2321 ἐξέπεμπε
907 2246 1038 2311 τοὺς
1067 2267 1231 2304 κατο-
1338 2249 1861 2315 Zusammenstellung
1929 2251 2022 2302 der
2084 2249 2348 2302 Priidicate

213 2315 578 2376 πτεύσοντας.
594 2347 673 2358 —-
694 2337 794 2373 ,νοω
813 2337 902 2387 m.,
939 2321 1073 2387 περὶ
1097 2335 1230 2373 πεν-
1338 2324 1429 2373 der
1452 2337 1553 2373 vou
1577 2320 1817 2370 einander
1838 2319 2148 2383 abhiingigen
2173 2319 2347 2370 Siitze.

213 2382 454 2454 τήκοντα
478 2382 704 2438 στάδια.
728 2415 799 2426 —-
814 2389 1013 2455 Pheris,
1036 2387 1117 2453 32,
1149 2386 1227 2450 13,

214 2454 270 2572 ill,
298 2456 539 2572 ¹utititllicli
567 2471 666 2506 von
700 2454 922 2507 Thebae.
955 2483 1024 2493 —
1051 2454 1232 2522 quidve

247 2561 263 2588 2
330 2558 345 2585 ι
407 2559 422 2572 ·

282 2589 457 2641 3-5,
531 2589 777 2643 Larisam
824 2592 1051 2643 ziemlieb
1110 2591 1231 2641 weit

1407 2420 1458 2470 6.
1503 2434 1606 2469 non
1629 2418 1844 2481 minim,
1871 2409 1974 2485 οὐχ
1989 2410 2209 2483 ἥκιστα,
2234 2416 2347 2469 eine

1334 2488 1529 2549 litotes,
1552 2486 1633 2536 bei
1658 2486 1751 2535 deu
1770 2492 1922 2549 guten
1944 2485 2347 2536 Schriftstellern

1338 2556 1519 2619 seiten,
1544 2554 1648 2619 vgl.
1667 2552 1867 2604 Cornel.
1892 2553 2036 2603 Dion.
2068 2552 2112 2614 1,
2138 2553 2196 2602 2:
2221 2570 2350 2620 quae

1334 2640 1438 2675 non
1461 2625 1733 2674 minimum
1752 2621 2098 2681 commenda,-
2124 2620 2348 2672 Gronov.

1334 2693 1623 2744 vermutbet
1654 2706 1758 2741 non
1790 2691 2022 2740 minima.
2052 2716 2123 2726 —
2151 2690 2348 2755 fugati,

1337 2762 1561 2842 daffegen
1607 2757 1783 2825 Polyb.
1829 2756 1941 2808 τῶν
1975 2754 2037 2807 δὲ
2079 2756 2212 2828 περὶ
2252 2750 2351 2807 τὸν

1335 2824 1679 2896 Ευπόλεμον
1727 2819 1828 2877 τὸν
1859 2820 2122 2875 Αἰτωλὸν
2177 2817 2349 2892 εὐρώ-

1339 2909 1483 2954 στως
1504 2887 1943 2947 κινδυνευόντων
1971 2892 2066 2942 καὶ
2091 2904 2351 2944 συνεκκα-

1337 2963 1627 3033 λουμένων
1679 2956 1812 3016 τοὺς
1859 2953 2157 3015 Ἰταλικοὺς
2205 2952 2351 3027 πρὸς

1336 3026 1440 3097 τὴν
1458 3033 1686 3101 χρείαν,
1721 3028 2032 3093 θλίβεσθαι
2064 3028 2349 3093 συνέβαινε

218 2658 583 2710 nordwestlicb
591 2675 689 2710 von
701 2659 906 2725 Pherae,
924 2659 1244 2722 amPeueus,·

214 2726 648 2779 stetteireabatL.
668 2727 807 2780 viell.
827 2732 959 2780 eitra
967 2728 1227 2793 geschrie-

212 2793 327 2845 ben.
351 2822 425 2834 -
444 2798 692 2858 ωουίεεο,
718 2812 760 2847 s.
787 2812 830 2847 e.
856 2796 948 2861 44,
973 2796 1022 2847 4.
1045 2823 1116 2835 -
1138 2795 1227 2848 de-

195 2863 385 2929 fungi,
420 2878 464 2914 s.
490 2863 540 2927 5,
566 2864 614 2926 5,
637 2864 665 2913 7
679 2880 696 2925 ς
721 2865 816 2916 den
844 2863 1119 2916 Gedaukeu
1142 2864 1230 2915 bat

212 2930 273 2981 L.
293 2938 580 2996 zugesetzt,
608 2930 718 2983 Pol.
740 2948 858 2983 nur:
885 2927 1230 3000 ποιούμενος

212 2992 312 3051 τὸν
334 3001 578 3072 πορείαν
602 2994 673 3057 ὡς
698 2998 795 3052 ἐπὶ
817 2997 917 3058 τὰς
941 2995 1142 3071 Φεράς.
1161 3027 1229 3037 -

213 3068 608 3187 ξοῃξὲἓδῗ
630 3073 960 3152 zuumpiem’
993 3083 1085 3149 3¹¹⁸
1117 3068 1229 3118 dem
1335 3097 1469 3156 τοὺς
1514 3090 1881 3152 Μακεδόνας·
1941 3096 2040 3146 καί
2081 3089 2206 3146 τότε
2231 3092 2351 3178 μὲν

215 3202 333 3252 (ιω
367 3204 444 3253 ,10
468 3203 564 3254 ῥα,
582 3135 1120 3257 ἱξθῗξξοζξὶιῖῗῗι
1145 3150 1229 3256 2⁸1
1335 3166 1432 3219 ἐπὶ
1467 3159 1653 3219 πολὺν
1666 3158 1885 3234 χρόνον
1907 3157 2350 3234 ἀκροβολισαμε-

715 3222 745 3272 Ρ
1104 3220 1141 3273 Ρ

210 3271 298 3334 git
316 3270 418 3320 wie
442 3286 542 3321 von
563 3272 709 3324 Dium
730 3276 854 3325 nach
876 3273 1100 3338 Larissa,
1123 3273 1224 3337 vgl.
1333 3252 1426 3290 ’μοι
1452 3233 1924 3307 διεχωρίσθησαν’

209 3351 310 3404 per
348 3352 438 3388 ere
458 3339 540 3390 ire
562 3338 645 3404 26,
667 3340 747 3405 17,
772 3341 821 3395 3.
848 3369 917 3381 -
939 3357 1097 3411 super
1113 3342 1229 3393 urb.
1407 3339 1575 3391 7-9.
1622 3337 1899 3407 impedita-2
1924 3352 1967 3386 ⁸·
1992 3334 2077 3399 22,
2103 3334 2186 3400 22,
2212 3334 2258 3397 7,
2282 3361 2352 3372 -

212 3419 307 3455 nac
365 3404 527 3456 omn
560 3422 659 3457 von
683 3407 877 3461 Pherae
911 3412 980 3462 ist
1012 3410 1091 3461 ein
1118 3410 1231 3460 nie-
1337 3409 1419 3471 ad,
1441 3425 1484 3460 s.
1494 3407 1693 3460 Kraner
1709 3423 1774 3458 zu
1793 3403 1937 3457 Caes.
1958 3404 2014 3454 B.
2036 3401 2095 3454 G.
2117 3403 2165 3463 2,
2191 3401 2273 3469 25,
2297 3401 2349 3453 1:

213 3472 387 3536 driger
408 3472 705 3541 ΗὸΙιοιιιιις,
729 3478 822 3528 der
842 3478 984 3530 viell.
1009 3478 1233 3543 gemeint
1336 3477 1525 3529 milites
1560 3478 1659 3527 sibi
1695 3478 1841 3544 ipsos
1874 3472 1946 3524 ad
1969 3487 2203 3541 pugnam
2236 3487 2353 3521 esse

215 3539 299 3590 ist.
349 3541 481 3592 Dass
505 3540 631 3594 Phil.
672 3545 833 3597 selbst
867 3561 958 3597 aus
993 3545 1103 3597 dem
1127 3545 1231 3597 La-
1337 3545 1726 3615 impedimento‚·
1755 3541 1859 3605 vgl.
1886 3540 1976 3603 31,
2002 3539 2094 3603 40,
2121 3539 2176 3588 9:
2202 3554 2353 3591 mora

213 3610 633 3677 sergeriicktsei,
657 3612 966 3665 batL.nicbt
984 3614 1228 3664 erwiibnt.
1338 3614 1430 3675 ad,·
1465 3614 1521 3679 5,
1561 3612 1652 3674 25,
1688 3610 1744 3661 3:
1783 3612 1989 3661 obstare
2019 3607 2090 3657 ad
2120 3623 2169 3659 u.
2201 3622 2249 3658 a.
2281 3635 2350 3645 —

212 3700 282 3713 -—
314 3678 456 3730 inter
488 3695 545 3730 se
580 3696 622 3732 e.
658 3697 728 3745 e.,
760 3680 793 3746 ξ
831 3681 888 3743 9,
925 3681 1000 3731 sie
1023 3680 1231 3731 wurden
1338 3682 1587 3744 consitus,
1620 3680 1712 3730 der
1735 3677 1975 3730 Umstand
2000 3677 2117 3726 dass
2141 3691 2190 3726 u.
2217 3691 2258 3726 s.
2284 3690 2350 3724 w.

217 3747 534 3812 gegonseitig
569 3749 813 3811 erblickt3
848 3765 884 3799 a
905 3765 963 3799 se
992 3749 1233 3799 hinzuzn-
1338 3776 1408 3786 -
1430 3750 1582 3814 horti,
1608 3748 1733 3798 noch
1751 3746 1889 3810 Jetzt
1910 3744 2020 3795 siud
2040 3743 2119 3794 die
2141 3742 2349 3805 Giirteu,

218 3808 368 3874 stigen
386 3829 495 3865 war
518 3816 655 3868 nieht
678 3817 882 3880 nb'tbig3
907 3817 1033 3867 doch
1058 3817 1126 3867 ist
1142 3817 1231 3867 das
1338 3816 1531 3866 welche
1568 3815 1648 3865 die
1684 3813 1861 3880 Quelle
1893 3813 1972 3880 ny
2008 3813 2114 3862 eria
2146 3810 2345 3860 bewiis-

221 3876 477 3932 passivum
498 3884 581 3935 bei
603 3888 747 3937 inter
770 3902 829 3936 se
860 3884 1106 3949 seltener,
1128 3885 1232 3947 νεὶ.
1340 3891 1464 3950 sert,
1488 3884 1599 3934 eine
1622 3883 1807 3934 Zierde
1831 3882 1923 3933 der
1995 3879 2172 3945 egend.
2196 3903 2266 3915 —-
2288 3881 2349 3927 ut

219 3945 321 3997 Cic.
347 3945 455 4001 Cat.
483 3949 531 4015 3,
556 3954 605 4018 5,
635 3954 722 4007 13:
754 3955 896 4006 inter
916 3969 1031 4005 sese
1052 3951 1232 4022 adspi-
1337 3954 1377 4004 i.
1410 3971 1455 4004 s.
1482 3952 1540 4017 L,
1575 3952 1673 4001 wie
1706 3951 1924 4003 nacbber
1951 3946 2232 3999 interclusa
2261 3946 2349 3995 bat

219 4016 445 4101 θίοῠαπὶς
484 4018 619 4072 Pola
664 4018 1045 4092 προϊδόμενοι
1082 4020 1234 4090 σφᾶς
1337 4022 1396 4072 L.
1435 4037 1529 4073 zur
1562 4017 2084 4079 Veranschaulicbnng
2108 4014 2348 4079 binzuge-

2383 533 2413 583 2

2382 706 2413 755 3

2382 954 2415 1003 4

2384 1294 2414 1343 5

2384 1379 2415 1428 (i

2386 1724 2414 1772 7

2385 1898 2415 1948 8
