<?xml version="1.0" encoding="UTF-8"?>
<!DOCTYPE html PUBLIC "-//W3C//DTD XHTML 1.0 Transitional//EN"
    "http://www.w3.org/TR/xhtml1/DTD/xhtml1-transitional.dtd">
<html xmlns="http://www.w3.org/1999/xhtml" xml:lang="en" lang="en">
 <head>
  <title>
</title>
<meta http-equiv="Content-Type" content="text/html;charset=utf-8" />
  <meta name='ocr-system' content='tesseract 3.04.00' />
  <meta name='ocr-capabilities' content='ocr_page ocr_carea ocr_par ocr_line ocrx_word'/>
</head>
<body>
  <div class='ocr_page' id='page_1' title='image "./titiliviaburbec11livygoog_0046.png"; bbox 0 0 2861 4550; ppageno 0'>
   <div class='ocr_carea' id='block_1_1' title="bbox 532 368 2637 438">
    <p class='ocr_par' dir='ltr' id='par_1_1' title="bbox 532 368 2637 438">
     <span class='ocr_line' id='line_1_1' title="bbox 532 368 2637 438; baseline 0 -13"><span class='ocrx_word' id='word_1_1' title='bbox 532 375 613 438; x_wconf 83' lang='lat'>38</span> <span class='ocrx_word' id='word_1_2' title='bbox 1162 372 1357 426; x_wconf 79' lang='lat' dir='ltr'>LIBER</span> <span class='ocrx_word' id='word_1_3' title='bbox 1388 368 1587 427; x_wconf 74' lang='lat' dir='ltr'>xxxi.</span> <span class='ocrx_word' id='word_1_4' title='bbox 1643 371 1784 426; x_wconf 72' lang='lat' dir='ltr'>CAP-</span> <span class='ocrx_word' id='word_1_5' title='bbox 1811 372 1893 425; x_wconf 86' lang='grc'>21.</span> <span class='ocrx_word' id='word_1_6' title='bbox 1919 370 2003 424; x_wconf 84' lang='grc'>22.</span> <span class='ocrx_word' id='word_1_7' title='bbox 2414 394 2454 427; x_wconf 75' lang='grc' dir='ltr'>ιι.</span> <span class='ocrx_word' id='word_1_8' title='bbox 2474 395 2518 424; x_wconf 82' lang='lat' dir='ltr'>u.</span> <span class='ocrx_word' id='word_1_9' title='bbox 2537 382 2637 426; x_wconf 68' lang='grc'>664.</span> 
     </span>
    </p>
   </div>
   <div class='ocr_carea' id='block_1_2' title="bbox 418 523 2736 2138">
    <p class='ocr_par' dir='ltr' id='par_1_2' title="bbox 418 523 2736 2138">
     <span class='ocr_line' id='line_1_2' title="bbox 428 523 2642 609; baseline -0.005 -15"><span class='ocrx_word' id='word_1_10' title='bbox 428 545 485 595; x_wconf 83' lang='grc'>11</span> <span class='ocrx_word' id='word_1_11' title='bbox 530 546 730 609; x_wconf 82' lang='lat' dir='ltr'>posse.</span> <span class='ocrx_word' id='word_1_12' title='bbox 788 528 888 589; x_wconf 92' lang='lat' dir='ltr'>ubi</span> <span class='ocrx_word' id='word_1_13' title='bbox 917 527 976 588; x_wconf 91' lang='lat' dir='ltr'>id</span> <span class='ocrx_word' id='word_1_14' title='bbox 1006 545 1213 608; x_wconf 87' lang='lat' dir='ltr'>parum</span> <span class='ocrx_word' id='word_1_15' title='bbox 1240 526 1612 606; x_wconf 72' lang='lat' dir='ltr'>procedebat,</span> <span class='ocrx_word' id='word_1_16' title='bbox 1647 525 1887 588; x_wconf 85' lang='lat' dir='ltr'>circuire</span> <span class='ocrx_word' id='word_1_17' title='bbox 1917 545 1950 586; x_wconf 91' lang='lat' dir='ltr'>a</span> <span class='ocrx_word' id='word_1_18' title='bbox 1977 523 2255 589; x_wconf 82' lang='lat' dir='ltr'>cornibus</span> <span class='ocrx_word' id='word_1_19' title='bbox 2286 534 2344 585; x_wconf 90' lang='lat' dir='ltr'>et</span> <span class='ocrx_word' id='word_1_20' title='bbox 2369 523 2642 603; x_wconf 77' lang='lat' dir='ltr'>amplecti</span> 
     </span>
     <span class='ocr_line' id='line_1_3' title="bbox 529 607 2642 692; baseline -0.003 -18"><span class='ocrx_word' id='word_1_21' title='bbox 529 613 791 675; x_wconf 84' lang='lat' dir='ltr'>hostium</span> <span class='ocrx_word' id='word_1_22' title='bbox 821 612 1031 686; x_wconf 78' lang='lat' dir='ltr'>aciem,</span> <span class='ocrx_word' id='word_1_23' title='bbox 1067 613 1228 691; x_wconf 85' lang='lat' dir='ltr'>quod</span> <span class='ocrx_word' id='word_1_24' title='bbox 1256 612 1623 674; x_wconf 85' lang='lat' dir='ltr'>multitudine</span> <span class='ocrx_word' id='word_1_25' title='bbox 1651 613 1929 673; x_wconf 83' lang='lat' dir='ltr'>adversus</span> <span class='ocrx_word' id='word_1_26' title='bbox 1960 628 2179 692; x_wconf 85' lang='lat' dir='ltr'>paucos</span> <span class='ocrx_word' id='word_1_27' title='bbox 2209 609 2374 670; x_wconf 85' lang='lat' dir='ltr'>facile</span> <span class='ocrx_word' id='word_1_28' title='bbox 2401 607 2642 669; x_wconf 82' lang='lat' dir='ltr'>videba-</span> 
     </span>
     <span class='ocr_line' id='line_1_4' title="bbox 429 693 2640 776; baseline -0.001 -19"><span class='ocrx_word' id='word_1_29' title='bbox 429 708 491 758; x_wconf 87' lang='lat'>12</span> <span class='ocrx_word' id='word_1_30' title='bbox 531 709 669 772; x_wconf 83' lang='lat' dir='ltr'>tur,</span> <span class='ocrx_word' id='word_1_31' title='bbox 694 698 889 760; x_wconf 83' lang='lat' dir='ltr'>conati</span> <span class='ocrx_word' id='word_1_32' title='bbox 917 705 1071 765; x_wconf 86' lang='lat' dir='ltr'>sunt.</span> <span class='ocrx_word' id='word_1_33' title='bbox 1131 698 1189 758; x_wconf 91' lang='lat' dir='ltr'>id</span> <span class='ocrx_word' id='word_1_34' title='bbox 1220 697 1321 758; x_wconf 86' lang='lat' dir='ltr'>ubi</span> <span class='ocrx_word' id='word_1_35' title='bbox 1349 697 1489 757; x_wconf 83' lang='lat' dir='ltr'>vidit</span> <span class='ocrx_word' id='word_1_36' title='bbox 1516 704 1779 776; x_wconf 81' lang='lat' dir='ltr'>praetor,</span> <span class='ocrx_word' id='word_1_37' title='bbox 1809 703 1876 757; x_wconf 87' lang='lat' dir='ltr'>ut</span> <span class='ocrx_word' id='word_1_38' title='bbox 1901 706 1959 756; x_wconf 91' lang='lat' dir='ltr'>et</span> <span class='ocrx_word' id='word_1_39' title='bbox 1987 697 2115 775; x_wconf 86' lang='lat' dir='ltr'>ipse</span> <span class='ocrx_word' id='word_1_40' title='bbox 2144 695 2407 756; x_wconf 86' lang='lat' dir='ltr'>dilataret</span> <span class='ocrx_word' id='word_1_41' title='bbox 2434 693 2640 766; x_wconf 83' lang='lat' dir='ltr'>aciem,</span> 
     </span>
     <span class='ocr_line' id='line_1_5' title="bbox 532 778 2641 865; baseline -0.001 -21"><span class='ocrx_word' id='word_1_42' title='bbox 532 784 675 865; x_wconf 79' lang='lat' dir='ltr'>duas</span> <span class='ocrx_word' id='word_1_43' title='bbox 713 782 969 862; x_wconf 81' lang='lat' dir='ltr'><strong>legiones</strong></span> <span class='ocrx_word' id='word_1_44' title='bbox 1010 802 1080 844; x_wconf 87' lang='lat' dir='ltr'>ex</span> <span class='ocrx_word' id='word_1_45' title='bbox 1118 781 1395 843; x_wconf 85' lang='lat' dir='ltr'>subsidiis</span> <span class='ocrx_word' id='word_1_46' title='bbox 1438 783 1634 842; x_wconf 84' lang='lat' dir='ltr'>dextra</span> <span class='ocrx_word' id='word_1_47' title='bbox 1673 783 1946 860; x_wconf 84' lang='lat' dir='ltr'>laevaque</span> <span class='ocrx_word' id='word_1_48' title='bbox 1984 781 2134 853; x_wconf 89' lang='lat' dir='ltr'>alae,</span> <span class='ocrx_word' id='word_1_49' title='bbox 2176 797 2321 861; x_wconf 84' lang='lat' dir='ltr'>quae</span> <span class='ocrx_word' id='word_1_50' title='bbox 2359 779 2420 839; x_wconf 87' lang='lat' dir='ltr'>in</span> <span class='ocrx_word' id='word_1_51' title='bbox 2451 778 2641 857; x_wconf 74' lang='lat' dir='ltr'>prima</span> 
     </span>
     <span class='ocr_line' id='line_1_6' title="bbox 530 863 2639 947; baseline -0.002 -18"><span class='ocrx_word' id='word_1_52' title='bbox 530 869 650 929; x_wconf 88' lang='lat' dir='ltr'>acie</span> <span class='ocrx_word' id='word_1_53' title='bbox 675 869 993 947; x_wconf 78' lang='lat' dir='ltr'><strong>pugnabat,</strong></span> <span class='ocrx_word' id='word_1_54' title='bbox 1024 867 1360 938; x_wconf 83' lang='lat' dir='ltr'>circumdat,</span> <span class='ocrx_word' id='word_1_55' title='bbox 1398 867 1717 947; x_wconf 80' lang='lat' dir='ltr'>aedemque</span> <span class='ocrx_word' id='word_1_56' title='bbox 1745 866 1914 927; x_wconf 89' lang='lat' dir='ltr'>Diovi</span> <span class='ocrx_word' id='word_1_57' title='bbox 1945 865 2111 938; x_wconf 83' lang='lat' dir='ltr'>vovit,</span> <span class='ocrx_word' id='word_1_58' title='bbox 2142 865 2193 926; x_wconf 92' lang='lat' dir='ltr'>si</span> <span class='ocrx_word' id='word_1_59' title='bbox 2221 882 2292 924; x_wconf 89' lang='lat' dir='ltr'>eo</span> <span class='ocrx_word' id='word_1_60' title='bbox 2324 863 2418 925; x_wconf 88' lang='lat' dir='ltr'>die</span> <span class='ocrx_word' id='word_1_61' title='bbox 2446 863 2639 925; x_wconf 86' lang='lat' dir='ltr'>hostis</span> 
     </span>
     <span class='ocr_line' id='line_1_7' title="bbox 426 947 2638 1031; baseline -0.003 -16"><span class='ocrx_word' id='word_1_62' title='bbox 426 963 488 1015; x_wconf 77' lang='lat'>13</span> <span class='ocrx_word' id='word_1_63' title='bbox 530 953 793 1017; x_wconf 79' lang='lat' dir='ltr'>fudisset.</span> <span class='ocrx_word' id='word_1_64' title='bbox 862 953 927 1015; x_wconf 86' lang='lat' dir='ltr'>L.</span> <span class='ocrx_word' id='word_1_65' title='bbox 964 953 1190 1014; x_wconf 85' lang='lat' dir='ltr'>Valerio</span> <span class='ocrx_word' id='word_1_66' title='bbox 1239 953 1513 1031; x_wconf 85' lang='lat' dir='ltr'>imperat,</span> <span class='ocrx_word' id='word_1_67' title='bbox 1559 960 1626 1017; x_wconf 84' lang='lat' dir='ltr'>ut</span> <span class='ocrx_word' id='word_1_68' title='bbox 1670 959 1837 1030; x_wconf 85' lang='lat' dir='ltr'>parte</span> <span class='ocrx_word' id='word_1_69' title='bbox 1881 969 2000 1013; x_wconf 89' lang='lat' dir='ltr'>una</span> <span class='ocrx_word' id='word_1_70' title='bbox 2046 951 2293 1011; x_wconf 86' lang='lat' dir='ltr'>duarum</span> <span class='ocrx_word' id='word_1_71' title='bbox 2340 947 2638 1027; x_wconf 82' lang='lat' dir='ltr'>legionum</span> 
     </span>
     <span class='ocr_line' id='line_1_8' title="bbox 529 1034 2644 1118; baseline -0.003 -18"><span class='ocrx_word' id='word_1_72' title='bbox 529 1038 772 1118; x_wconf 68' lang='lat' dir='ltr'>equites»,</span> <span class='ocrx_word' id='word_1_73' title='bbox 803 1039 980 1101; x_wconf 88' lang='lat' dir='ltr'>altera</span> <span class='ocrx_word' id='word_1_74' title='bbox 1010 1037 1307 1099; x_wconf 83' lang='lat' dir='ltr'>sociorum</span> <span class='ocrx_word' id='word_1_75' title='bbox 1339 1038 1656 1117; x_wconf 76' lang='lat' dir='ltr'>equitatum</span> <span class='ocrx_word' id='word_1_76' title='bbox 1680 1037 1740 1096; x_wconf 89' lang='lat' dir='ltr'>in</span> <span class='ocrx_word' id='word_1_77' title='bbox 1765 1053 1984 1096; x_wconf 86' lang='lat' dir='ltr'>cornua</span> <span class='ocrx_word' id='word_1_78' title='bbox 2004 1035 2263 1096; x_wconf 84' lang='lat' dir='ltr'>hostium</span> <span class='ocrx_word' id='word_1_79' title='bbox 2289 1034 2511 1094; x_wconf 82' lang='lat' dir='ltr'>emittat</span> <span class='ocrx_word' id='word_1_80' title='bbox 2530 1048 2644 1094; x_wconf 82' lang='lat' dir='ltr'>nec</span> 
     </span>
     <span class='ocr_line' id='line_1_9' title="bbox 424 1117 2639 1201; baseline -0.005 -13"><span class='ocrx_word' id='word_1_81' title='bbox 424 1136 487 1188; x_wconf 82' lang='lat'>14</span> <span class='ocrx_word' id='word_1_82' title='bbox 529 1123 768 1186; x_wconf 86' lang='lat' dir='ltr'>circuire</span> <span class='ocrx_word' id='word_1_83' title='bbox 798 1141 902 1184; x_wconf 79' lang='lat' dir='ltr'>eos</span> <span class='ocrx_word' id='word_1_84' title='bbox 930 1122 1412 1201; x_wconf 64' lang='lat' dir='ltr'>aciem—patiatur.</span> <span class='ocrx_word' id='word_1_85' title='bbox 1464 1121 1639 1183; x_wconf 89' lang='lat' dir='ltr'>simul</span> <span class='ocrx_word' id='word_1_86' title='bbox 1666 1131 1723 1182; x_wconf 87' lang='lat' dir='ltr'>et</span> <span class='ocrx_word' id='word_1_87' title='bbox 1741 1120 1887 1199; x_wconf 82' lang='lat' dir='ltr'>ipse,</span> <span class='ocrx_word' id='word_1_88' title='bbox 1919 1128 1982 1183; x_wconf 90' lang='lat' dir='ltr'>ut</span> <span class='ocrx_word' id='word_1_89' title='bbox 2003 1126 2366 1181; x_wconf 80' lang='lat' dir='ltr'>extenuatam</span> <span class='ocrx_word' id='word_1_90' title='bbox 2388 1117 2639 1178; x_wconf 81' lang='lat' dir='ltr'>mediam</span> 
     </span>
     <span class='ocr_line' id='line_1_10' title="bbox 530 1204 2641 1284; baseline -0.002 -16"><span class='ocrx_word' id='word_1_91' title='bbox 530 1208 778 1269; x_wconf 86' lang='lat' dir='ltr'>diductis</span> <span class='ocrx_word' id='word_1_92' title='bbox 819 1207 1097 1269; x_wconf 84' lang='lat' dir='ltr'>cornibus</span> <span class='ocrx_word' id='word_1_93' title='bbox 1137 1207 1319 1267; x_wconf 80' lang='lat' dir='ltr'>aciem</span> <span class='ocrx_word' id='word_1_94' title='bbox 1353 1206 1651 1268; x_wconf 86' lang='lat' dir='ltr'>Gallorum</span> <span class='ocrx_word' id='word_1_95' title='bbox 1690 1206 1855 1279; x_wconf 86' lang='lat' dir='ltr'>vidit,</span> <span class='ocrx_word' id='word_1_96' title='bbox 1894 1206 2059 1284; x_wconf 79' lang='lat' dir='ltr'>signa</span> <span class='ocrx_word' id='word_1_97' title='bbox 2097 1205 2312 1267; x_wconf 72' lang='lat' dir='ltr'>inferre</span> <span class='ocrx_word' id='word_1_98' title='bbox 2345 1204 2641 1264; x_wconf 79' lang='lat' dir='ltr'>confertos</span> 
     </span>
     <span class='ocr_line' id='line_1_11' title="bbox 428 1287 2643 1371; baseline -0.003 -18"><span class='ocrx_word' id='word_1_99' title='bbox 428 1304 489 1354; x_wconf 84' lang='lat'>15</span> <span class='ocrx_word' id='word_1_100' title='bbox 531 1293 745 1354; x_wconf 78' lang='lat' dir='ltr'>milites</span> <span class='ocrx_word' id='word_1_101' title='bbox 784 1300 841 1356; x_wconf 86' lang='lat' dir='ltr'>et</span> <span class='ocrx_word' id='word_1_102' title='bbox 878 1311 1259 1371; x_wconf 84' lang='lat' dir='ltr'>perrumpere</span> <span class='ocrx_word' id='word_1_103' title='bbox 1296 1291 1539 1352; x_wconf 82' lang='lat' dir='ltr'>ordines</span> <span class='ocrx_word' id='word_1_104' title='bbox 1579 1290 1753 1352; x_wconf 86' lang='lat' dir='ltr'>iubet.</span> <span class='ocrx_word' id='word_1_105' title='bbox 1813 1298 1871 1350; x_wconf 88' lang='lat' dir='ltr'>et</span> <span class='ocrx_word' id='word_1_106' title='bbox 1903 1308 2123 1352; x_wconf 87' lang='lat' dir='ltr'>cornua</span> <span class='ocrx_word' id='word_1_107' title='bbox 2156 1290 2227 1351; x_wconf 85' lang='lat' dir='ltr'>ab</span> <span class='ocrx_word' id='word_1_108' title='bbox 2258 1287 2550 1368; x_wconf 81' lang='lat' dir='ltr'>equitibus</span> <span class='ocrx_word' id='word_1_109' title='bbox 2581 1297 2643 1348; x_wconf 83' lang='lat' dir='ltr'>et</span> 
     </span>
     <span class='ocr_line' id='line_1_12' title="bbox 527 1372 2642 1459; baseline -0.002 -20"><span class='ocrx_word' id='word_1_110' title='bbox 527 1377 706 1439; x_wconf 86' lang='lat' dir='ltr'>medii</span> <span class='ocrx_word' id='word_1_111' title='bbox 734 1397 767 1439; x_wconf 91' lang='lat' dir='ltr'>a</span> <span class='ocrx_word' id='word_1_112' title='bbox 790 1378 985 1456; x_wconf 78' lang='lat' dir='ltr'>pedite</span> <span class='ocrx_word' id='word_1_113' title='bbox 1007 1378 1183 1459; x_wconf 79' lang='lat' dir='ltr'>pulsi.</span> <span class='ocrx_word' id='word_1_114' title='bbox 1234 1395 1301 1438; x_wconf 87' lang='lat' dir='ltr'>ac</span> <span class='ocrx_word' id='word_1_115' title='bbox 1323 1384 1577 1456; x_wconf 84' lang='lat' dir='ltr'>repente,</span> <span class='ocrx_word' id='word_1_116' title='bbox 1608 1392 1740 1437; x_wconf 89' lang='lat' dir='ltr'>cum</span> <span class='ocrx_word' id='word_1_117' title='bbox 1766 1376 1827 1436; x_wconf 86' lang='lat' dir='ltr'>in</span> <span class='ocrx_word' id='word_1_118' title='bbox 1852 1375 2014 1436; x_wconf 88' lang='lat' dir='ltr'>omni</span> <span class='ocrx_word' id='word_1_119' title='bbox 2039 1383 2203 1454; x_wconf 84' lang='lat' dir='ltr'>parte</span> <span class='ocrx_word' id='word_1_120' title='bbox 2229 1374 2400 1435; x_wconf 87' lang='lat' dir='ltr'>caede</span> <span class='ocrx_word' id='word_1_121' title='bbox 2421 1372 2642 1450; x_wconf 80' lang='lat' dir='ltr'>ingenti</span> 
     </span>
     <span class='ocr_line' id='line_1_13' title="bbox 530 1460 2640 1540; baseline -0.002 -17"><span class='ocrx_word' id='word_1_122' title='bbox 530 1469 944 1536; x_wconf 78' lang='lat' dir='ltr'>sternerentur,</span> <span class='ocrx_word' id='word_1_123' title='bbox 975 1462 1121 1524; x_wconf 82' lang='lat' dir='ltr'>Galli</span> <span class='ocrx_word' id='word_1_124' title='bbox 1150 1470 1311 1540; x_wconf 83' lang='lat' dir='ltr'>terga</span> <span class='ocrx_word' id='word_1_125' title='bbox 1338 1468 1635 1522; x_wconf 86' lang='lat' dir='ltr'>verterunt</span> <span class='ocrx_word' id='word_1_126' title='bbox 1662 1463 1911 1539; x_wconf 84' lang='lat' dir='ltr'>fugaque</span> <span class='ocrx_word' id='word_1_127' title='bbox 1933 1460 2410 1538; x_wconf 79' lang='lat' dir='ltr'>eflusa-repetunt</span> <span class='ocrx_word' id='word_1_128' title='bbox 2433 1466 2640 1519; x_wconf 86' lang='lat' dir='ltr'>castra.</span> 
     </span>
     <span class='ocr_line' id='line_1_14' title="bbox 424 1544 2643 1626; baseline -0.002 -17"><span class='ocrx_word' id='word_1_129' title='bbox 424 1554 487 1609; x_wconf 78' lang='lat'>16</span> <span class='ocrx_word' id='word_1_130' title='bbox 530 1546 815 1626; x_wconf 85' lang='lat' dir='ltr'>fugientes</span> <span class='ocrx_word' id='word_1_131' title='bbox 851 1553 1196 1626; x_wconf 83' lang='lat' dir='ltr'>persecutus</span> <span class='ocrx_word' id='word_1_132' title='bbox 1234 1565 1441 1626; x_wconf 80' lang='lat' dir='ltr'>equeS‚</span> <span class='ocrx_word' id='word_1_133' title='bbox 1481 1554 1624 1607; x_wconf 68' lang='lat' dir='ltr'>‘mox</span> <span class='ocrx_word' id='word_1_134' title='bbox 1662 1554 1719 1606; x_wconf 88' lang='lat' dir='ltr'>et</span> <span class='ocrx_word' id='word_1_135' title='bbox 1754 1546 2011 1623; x_wconf 82' lang='lat' dir='ltr'>legiones</span> <span class='ocrx_word' id='word_1_136' title='bbox 2042 1544 2338 1606; x_wconf 85' lang='lat' dir='ltr'>insecutae</span> <span class='ocrx_word' id='word_1_137' title='bbox 2364 1544 2425 1603; x_wconf 89' lang='lat' dir='ltr'>in</span> <span class='ocrx_word' id='word_1_138' title='bbox 2455 1550 2643 1607; x_wconf 79' lang='lat' dir='ltr'>castra</span> 
     </span>
     <span class='ocr_line' id='line_1_15' title="bbox 424 1628 2639 1711; baseline -0.001 -20"><span class='ocrx_word' id='word_1_139' title='bbox 424 1642 483 1691; x_wconf 86' lang='lat'>17</span> <span class='ocrx_word' id='word_1_140' title='bbox 528 1631 814 1711; x_wconf 87' lang='lat' dir='ltr'>impetum</span> <span class='ocrx_word' id='word_1_141' title='bbox 855 1628 1134 1694; x_wconf 78' lang='lat' dir='ltr'>fecerunt.</span> <span class='ocrx_word' id='word_1_142' title='bbox 1202 1631 1399 1693; x_wconf 86' lang='lat' dir='ltr'>minus</span> <span class='ocrx_word' id='word_1_143' title='bbox 1437 1651 1542 1692; x_wconf 80' lang='lat' dir='ltr'>sex</span> <span class='ocrx_word' id='word_1_144' title='bbox 1581 1630 1737 1691; x_wconf 86' lang='lat' dir='ltr'>milia</span> <span class='ocrx_word' id='word_1_145' title='bbox 1773 1630 2083 1692; x_wconf 86' lang='lat' dir='ltr'>hominum</span> <span class='ocrx_word' id='word_1_146' title='bbox 2121 1630 2257 1690; x_wconf 88' lang='lat' dir='ltr'>inde</span> <span class='ocrx_word' id='word_1_147' title='bbox 2291 1629 2639 1706; x_wconf 74' lang='lat' dir='ltr'>effugerunt,</span> 
     </span>
     <span class='ocr_line' id='line_1_16' title="bbox 527 1712 2640 1798; baseline -0.003 -18"><span class='ocrx_word' id='word_1_148' title='bbox 527 1736 695 1780; x_wconf 85' lang='lat' dir='ltr'>caesa</span> <span class='ocrx_word' id='word_1_149' title='bbox 735 1727 834 1779; x_wconf 88' lang='lat' dir='ltr'>aut</span> <span class='ocrx_word' id='word_1_150' title='bbox 874 1727 1040 1798; x_wconf 89' lang='lat' dir='ltr'>capta</span> <span class='ocrx_word' id='word_1_151' title='bbox 1079 1736 1257 1796; x_wconf 80' lang='lat' dir='ltr'>supra</span> <span class='ocrx_word' id='word_1_152' title='bbox 1286 1716 1546 1797; x_wconf 84' lang='lat' dir='ltr'>quinque</span> <span class='ocrx_word' id='word_1_153' title='bbox 1576 1725 1633 1777; x_wconf 90' lang='lat' dir='ltr'>et</span> <span class='ocrx_word' id='word_1_154' title='bbox 1662 1714 1894 1794; x_wconf 81' lang='lat' dir='ltr'>triginta</span> <span class='ocrx_word' id='word_1_155' title='bbox 1924 1715 2081 1777; x_wconf 82' lang='lat' dir='ltr'>milia</span> <span class='ocrx_word' id='word_1_156' title='bbox 2110 1733 2243 1776; x_wconf 88' lang='lat' dir='ltr'>cum</span> <span class='ocrx_word' id='word_1_157' title='bbox 2276 1712 2456 1792; x_wconf 83' lang='lat' dir='ltr'>signis</span> <span class='ocrx_word' id='word_1_158' title='bbox 2485 1712 2640 1775; x_wconf 86' lang='lat' dir='ltr'>mili-</span> 
     </span>
     <span class='ocr_line' id='line_1_17' title="bbox 525 1798 2736 1883; baseline -0.002 -20"><span class='ocrx_word' id='word_1_159' title='bbox 525 1803 747 1863; x_wconf 80' lang='lat' dir='ltr'>taribus</span> <span class='ocrx_word' id='word_1_160' title='bbox 774 1803 1141 1883; x_wconf 82' lang='lat' dir='ltr'>septuaginta</span> <span class='ocrx_word' id='word_1_161' title='bbox 1163 1802 1453 1882; x_wconf 83' lang='lat' dir='ltr'>carpentis</span> <span class='ocrx_word' id='word_1_162' title='bbox 1477 1801 1725 1875; x_wconf 80' lang='lat' dir='ltr'>Gallicis,</span> <span class='ocrx_word' id='word_1_163' title='bbox 1755 1801 1939 1862; x_wconf 86' lang='lat' dir='ltr'>multa</span> <span class='ocrx_word' id='word_1_164' title='bbox 1962 1801 2172 1882; x_wconf 85' lang='lat' dir='ltr'>praeda</span> <span class='ocrx_word' id='word_1_165' title='bbox 2195 1798 2475 1870; x_wconf 67' lang='lat' dir='ltr'>auertiue,</span> <span class='ocrx_word' id='word_1_166' title='bbox 2507 1798 2641 1878; x_wconf 88' lang='lat' dir='ltr'>plus</span> <span class='ocrx_word' id='word_1_167' title='bbox 2717 1860 2736 1869; x_wconf 66' lang='grc'>,</span> 
     </span>
     <span class='ocr_line' id='line_1_18' title="bbox 423 1883 2640 1966; baseline -0.002 -18"><span class='ocrx_word' id='word_1_168' title='bbox 423 1898 484 1950; x_wconf 90' lang='grc'>18</span> <span class='ocrx_word' id='word_1_169' title='bbox 527 1888 809 1953; x_wconf 81' lang='lat' dir='ltr'>ducentiS.</span> <span class='ocrx_word' id='word_1_170' title='bbox 889 1886 1181 1949; x_wconf 84' lang='lat' dir='ltr'>Hamilcar</span> <span class='ocrx_word' id='word_1_171' title='bbox 1221 1888 1338 1947; x_wconf 82' lang='lat' dir='ltr'>dux</span> <span class='ocrx_word' id='word_1_172' title='bbox 1375 1887 1610 1948; x_wconf 90' lang='lat' dir='ltr'>Poenus</span> <span class='ocrx_word' id='word_1_173' title='bbox 1649 1905 1724 1946; x_wconf 80' lang='lat' dir='ltr'>eo·</span> <span class='ocrx_word' id='word_1_174' title='bbox 1759 1886 1985 1966; x_wconf 83' lang='lat' dir='ltr'>proelio</span> <span class='ocrx_word' id='word_1_175' title='bbox 2025 1885 2230 1946; x_wconf 83' lang='lat' dir='ltr'>cecidit</span> <span class='ocrx_word' id='word_1_176' title='bbox 2275 1893 2331 1945; x_wconf 86' lang='lat' dir='ltr'>et</span> <span class='ocrx_word' id='word_1_177' title='bbox 2367 1892 2502 1944; x_wconf 75' lang='lat' dir='ltr'>tres·</span> <span class='ocrx_word' id='word_1_178' title='bbox 2525 1883 2640 1943; x_wconf 87' lang='lat' dir='ltr'>im-</span> 
     </span>
     <span class='ocr_line' id='line_1_19' title="bbox 525 1967 2639 2052; baseline -0.002 -20"><span class='ocrx_word' id='word_1_179' title='bbox 525 1981 827 2052; x_wconf 84' lang='lat' dir='ltr'>peratores</span> <span class='ocrx_word' id='word_1_180' title='bbox 850 1973 1078 2034; x_wconf 84' lang='lat' dir='ltr'>nobiles</span> <span class='ocrx_word' id='word_1_181' title='bbox 1095 1971 1409 2034; x_wconf 84' lang='lat' dir='ltr'>Gallorum.</span> <span class='ocrx_word' id='word_1_182' title='bbox 1457 1971 1776 2033; x_wconf 84' lang='lat' dir='ltr'>Placentini</span> <span class='ocrx_word' id='word_1_183' title='bbox 1799 1971 2009 2051; x_wconf 87' lang='lat' dir='ltr'>captivi</span> <span class='ocrx_word' id='word_1_184' title='bbox 2030 1971 2103 2031; x_wconf 88' lang='lat' dir='ltr'>ad</span> <span class='ocrx_word' id='word_1_185' title='bbox 2120 1971 2237 2031; x_wconf 88' lang='lat' dir='ltr'>duo</span> <span class='ocrx_word' id='word_1_186' title='bbox 2253 1968 2407 2030; x_wconf 83' lang='lat' dir='ltr'>milia</span> <span class='ocrx_word' id='word_1_187' title='bbox 2424 1967 2639 2028; x_wconf 83' lang='lat' dir='ltr'>libero-</span> 
     </span>
     <span class='ocr_line' id='line_1_20' title="bbox 418 2051 2641 2138; baseline -0.002 -20"><span class='ocrx_word' id='word_1_188' title='bbox 418 2058 503 2119; x_wconf 73' lang='lat'>22</span> <span class='ocrx_word' id='word_1_189' title='bbox 525 2076 659 2120; x_wconf 86' lang='lat' dir='ltr'>rum</span> <span class='ocrx_word' id='word_1_190' title='bbox 682 2059 946 2138; x_wconf 80' lang='lat' dir='ltr'>capitum</span> <span class='ocrx_word' id='word_1_191' title='bbox 972 2058 1183 2121; x_wconf 77' lang='lat' dir='ltr'>redditi</span> <span class='ocrx_word' id='word_1_192' title='bbox 1206 2057 1448 2118; x_wconf 78' lang='lat' dir='ltr'>colonis,</span> <span class='ocrx_word' id='word_1_193' title='bbox 1501 2058 1706 2136; x_wconf 86' lang='lat' dir='ltr'>Magna</span> <span class='ocrx_word' id='word_1_194' title='bbox 1726 2054 1965 2118; x_wconf 85' lang='lat' dir='ltr'>victoria</span> <span class='ocrx_word' id='word_1_195' title='bbox 1986 2056 2249 2134; x_wconf 89' lang='lat' dir='ltr'>laetaque</span> <span class='ocrx_word' id='word_1_196' title='bbox 2270 2054 2493 2115; x_wconf 89' lang='lat' dir='ltr'>Romae</span> <span class='ocrx_word' id='word_1_197' title='bbox 2514 2051 2641 2127; x_wconf 80' lang='lat' dir='ltr'>fuit.</span> 
     </span>
    </p>
   </div>
   <div class='ocr_carea' id='block_1_3' title="bbox 1633 2244 2642 2649">
    <p class='ocr_par' dir='ltr' id='par_1_3' title="bbox 1633 2244 2642 2649">
     <span class='ocr_line' id='line_1_21' title="bbox 1638 2244 2638 2314; baseline -0.004 -16"><span class='ocrx_word' id='word_1_198' title='bbox 1638 2249 1755 2299; x_wconf 84' lang='lat' dir='ltr'>dass</span> <span class='ocrx_word' id='word_1_199' title='bbox 1786 2246 1866 2297; x_wconf 87' lang='lat' dir='ltr'>die</span> <span class='ocrx_word' id='word_1_200' title='bbox 1901 2245 2136 2314; x_wconf 85' lang='lat' dir='ltr'>Truppen</span> <span class='ocrx_word' id='word_1_201' title='bbox 2170 2246 2295 2297; x_wconf 83' lang='lat' dir='ltr'>nach</span> <span class='ocrx_word' id='word_1_202' title='bbox 2327 2244 2423 2295; x_wconf 87' lang='lat' dir='ltr'>den</span> <span class='ocrx_word' id='word_1_203' title='bbox 2458 2244 2638 2297; x_wconf 84' lang='lat' dir='ltr'>beiden</span> 
     </span>
     <span class='ocr_line' id='line_1_22' title="bbox 1637 2313 2639 2381; baseline -0.004 -14"><span class='ocrx_word' id='word_1_204' title='bbox 1637 2316 1847 2381; x_wconf 76' lang='lat' dir='ltr'>Fliigeln</span> <span class='ocrx_word' id='word_1_205' title='bbox 1860 2316 1964 2366; x_wconf 84' lang='lat' dir='ltr'>sich</span> <span class='ocrx_word' id='word_1_206' title='bbox 1974 2314 2502 2376; x_wconf 81' lang='lat' dir='ltr'>auseinanderziehen,</span> <span class='ocrx_word' id='word_1_207' title='bbox 2509 2313 2639 2363; x_wconf 82' lang='lat' dir='ltr'>hlei-</span> 
     </span>
     <span class='ocr_line' id='line_1_23' title="bbox 1636 2381 2641 2447; baseline -0.003 -13"><span class='ocrx_word' id='word_1_208' title='bbox 1636 2386 1730 2434; x_wconf 89' lang='lat' dir='ltr'>ben</span> <span class='ocrx_word' id='word_1_209' title='bbox 1772 2386 1845 2434; x_wconf 88' lang='lat' dir='ltr'>sie</span> <span class='ocrx_word' id='word_1_210' title='bbox 1887 2384 2112 2447; x_wconf 79' lang='lat' dir='ltr'>weniger</span> <span class='ocrx_word' id='word_1_211' title='bbox 2160 2382 2408 2446; x_wconf 65' lang='lat' dir='ltr'>gedrfingt</span> <span class='ocrx_word' id='word_1_212' title='bbox 2452 2382 2501 2431; x_wconf 88' lang='lat' dir='ltr'>in</span> <span class='ocrx_word' id='word_1_213' title='bbox 2547 2381 2641 2431; x_wconf 79' lang='lat' dir='ltr'>der</span> 
     </span>
     <span class='ocr_line' id='line_1_24' title="bbox 1636 2449 2641 2514; baseline -0.004 -11"><span class='ocrx_word' id='word_1_214' title='bbox 1636 2452 1784 2503; x_wconf 85' lang='lat' dir='ltr'>Mitte</span> <span class='ocrx_word' id='word_1_215' title='bbox 1809 2453 2013 2513; x_wconf 79' lang='lat' dir='ltr'>stehen3</span> <span class='ocrx_word' id='word_1_216' title='bbox 2040 2467 2081 2501; x_wconf 76' lang='grc' dir='ltr'>ε.</span> <span class='ocrx_word' id='word_1_217' title='bbox 2108 2467 2170 2500; x_wconf 90' lang='lat' dir='ltr'>zu</span> <span class='ocrx_word' id='word_1_218' title='bbox 2199 2452 2254 2513; x_wconf 87' lang='lat'>5,</span> <span class='ocrx_word' id='word_1_219' title='bbox 2280 2449 2369 2514; x_wconf 87' lang='grc'>38,</span> <span class='ocrx_word' id='word_1_220' title='bbox 2400 2449 2454 2499; x_wconf 85' lang='lat'>1:</span> <span class='ocrx_word' id='word_1_221' title='bbox 2478 2452 2641 2500; x_wconf 77' lang='lat' dir='ltr'>aciem</span> 
     </span>
     <span class='ocr_line' id='line_1_25' title="bbox 1633 2515 2637 2584; baseline -0.006 -13"><span class='ocrx_word' id='word_1_222' title='bbox 1633 2524 1686 2571; x_wconf 83' lang='lat' dir='ltr'>in</span> <span class='ocrx_word' id='word_1_223' title='bbox 1719 2535 1913 2571; x_wconf 82' lang='lat' dir='ltr'>cornua</span> <span class='ocrx_word' id='word_1_224' title='bbox 1944 2520 2232 2577; x_wconf 73' lang='lat' dir='ltr'>diductam5</span> <span class='ocrx_word' id='word_1_225' title='bbox 2270 2516 2364 2584; x_wconf 85' lang='lat'>28,</span> <span class='ocrx_word' id='word_1_226' title='bbox 2408 2516 2496 2581; x_wconf 88' lang='grc'>14,</span> <span class='ocrx_word' id='word_1_227' title='bbox 2544 2515 2637 2578; x_wconf 73' lang='lat'>173</span> 
     </span>
     <span class='ocr_line' id='line_1_26' title="bbox 1634 2586 2642 2649; baseline 0 -11"><span class='ocrx_word' id='word_1_228' title='bbox 1634 2589 1759 2638; x_wconf 85' lang='lat' dir='ltr'>doch</span> <span class='ocrx_word' id='word_1_229' title='bbox 1805 2588 1982 2638; x_wconf 83' lang='lat' dir='ltr'>wiirde</span> <span class='ocrx_word' id='word_1_230' title='bbox 2021 2588 2099 2637; x_wconf 87' lang='lat' dir='ltr'>die</span> <span class='ocrx_word' id='word_1_231' title='bbox 2142 2586 2303 2636; x_wconf 76' lang='lat' dir='ltr'>Sache</span> <span class='ocrx_word' id='word_1_232' title='bbox 2344 2586 2642 2649; x_wconf 79' lang='lat' dir='ltr'>deutlieher„</span> 
     </span>
    </p>
   </div>
   <div class='ocr_carea' id='block_1_4' title="bbox 517 2246 1535 2657">
    <p class='ocr_par' dir='ltr' id='par_1_4' title="bbox 517 2246 1535 2657">
     <span class='ocr_line' id='line_1_27' title="bbox 525 2246 1529 2316; baseline 0.001 -18"><span class='ocrx_word' id='word_1_233' title='bbox 525 2249 584 2312; x_wconf 82' lang='lat'>53</span> <span class='ocrx_word' id='word_1_234' title='bbox 611 2248 659 2316; x_wconf 85' lang='grc'>9,</span> <span class='ocrx_word' id='word_1_235' title='bbox 684 2246 864 2312; x_wconf 84' lang='lat'>31,12</span> <span class='ocrx_word' id='word_1_236' title='bbox 888 2265 938 2299; x_wconf 82' lang='grc' dir='ltr'>ιι.</span> <span class='ocrx_word' id='word_1_237' title='bbox 963 2262 1010 2300; x_wconf 77' lang='grc' dir='ltr'>α.</span> <span class='ocrx_word' id='word_1_238' title='bbox 1035 2278 1102 2287; x_wconf 89' lang='grc'>-</span> <span class='ocrx_word' id='word_1_239' title='bbox 1124 2250 1398 2314; x_wconf 64' lang='lat' dir='ltr'>acomib„</span> <span class='ocrx_word' id='word_1_240' title='bbox 1428 2264 1529 2300; x_wconf 82' lang='lat' dir='ltr'>von</span> 
     </span>
     <span class='ocr_line' id='line_1_28' title="bbox 520 2317 1528 2385; baseline 0.001 -18"><span class='ocrx_word' id='word_1_241' title='bbox 520 2345 591 2355; x_wconf 90' lang='lat'><em>-</em></span> <span class='ocrx_word' id='word_1_242' title='bbox 615 2318 722 2367; x_wconf 85' lang='lat' dir='ltr'>her.</span> <span class='ocrx_word' id='word_1_243' title='bbox 746 2345 816 2354; x_wconf 93' lang='lat'>-</span> <span class='ocrx_word' id='word_1_244' title='bbox 847 2318 1003 2385; x_wconf 84' lang='lat' dir='ltr'>ampl.</span> <span class='ocrx_word' id='word_1_245' title='bbox 1046 2331 1145 2367; x_wconf 86' lang='lat' dir='ltr'>von</span> <span class='ocrx_word' id='word_1_246' title='bbox 1184 2317 1320 2367; x_wconf 84' lang='lat' dir='ltr'>allen</span> <span class='ocrx_word' id='word_1_247' title='bbox 1356 2317 1528 2368; x_wconf 89' lang='lat' dir='ltr'>Seiten</span> 
     </span>
     <span class='ocr_line' id='line_1_29' title="bbox 523 2385 1535 2452; baseline 0 -16"><span class='ocrx_word' id='word_1_248' title='bbox 523 2385 899 2436; x_wconf 84' lang='lat' dir='ltr'>einschliessen.</span> <span class='ocrx_word' id='word_1_249' title='bbox 918 2414 965 2425; x_wconf 88' lang='lat'>-</span> <span class='ocrx_word' id='word_1_250' title='bbox 986 2385 1535 2452; x_wconf 62' lang='lat' dir='ltr'>multitudine=quod</span> 
     </span>
     <span class='ocr_line' id='line_1_30' title="bbox 522 2452 1531 2522; baseline 0.001 -18"><span class='ocrx_word' id='word_1_251' title='bbox 522 2457 721 2504; x_wconf 80' lang='lat' dir='ltr'>tantam</span> <span class='ocrx_word' id='word_1_252' title='bbox 737 2452 1111 2503; x_wconf 64' lang='lat' dir='ltr'>multitudinem</span> <span class='ocrx_word' id='word_1_253' title='bbox 1127 2455 1391 2520; x_wconf 79' lang='lat' dir='ltr'>habebant,</span> <span class='ocrx_word' id='word_1_254' title='bbox 1406 2470 1531 2522; x_wconf 82' lang='lat' dir='ltr'>pro-</span> 
     </span>
     <span class='ocr_line' id='line_1_31' title="bbox 517 2520 1529 2590; baseline 0 -19"><span class='ocrx_word' id='word_1_255' title='bbox 517 2526 636 2590; x_wconf 78' lang='lat' dir='ltr'>pter</span> <span class='ocrx_word' id='word_1_256' title='bbox 666 2520 1072 2582; x_wconf 68' lang='lat' dir='ltr'>multitudinem,</span> <span class='ocrx_word' id='word_1_257' title='bbox 1109 2521 1208 2584; x_wconf 81' lang='lat' dir='ltr'>vgl.</span> <span class='ocrx_word' id='word_1_258' title='bbox 1246 2538 1289 2571; x_wconf 89' lang='lat' dir='ltr'>c.</span> <span class='ocrx_word' id='word_1_259' title='bbox 1316 2521 1405 2584; x_wconf 85' lang='lat'>26,</span> <span class='ocrx_word' id='word_1_260' title='bbox 1442 2521 1529 2571; x_wconf 80' lang='lat'>11:</span> 
     </span>
     <span class='ocr_line' id='line_1_32' title="bbox 522 2587 1526 2657; baseline 0.002 -19"><span class='ocrx_word' id='word_1_261' title='bbox 522 2590 681 2657; x_wconf 77' lang='lat' dir='ltr'>copia,</span> <span class='ocrx_word' id='word_1_262' title='bbox 707 2604 748 2638; x_wconf 85' lang='lat' dir='ltr'>c.</span> <span class='ocrx_word' id='word_1_263' title='bbox 768 2587 951 2652; x_wconf 79' lang='lat'><strong>46‚11:</strong></span> <span class='ocrx_word' id='word_1_264' title='bbox 977 2591 1417 2655; x_wconf 68' lang='lat' dir='ltr'>castigationibus,</span> <span class='ocrx_word' id='word_1_265' title='bbox 1445 2589 1526 2652; x_wconf 88' lang='grc'>22,</span> 
     </span>
    </p>
   </div>
   <div class='ocr_carea' id='block_1_5' title="bbox 477 2655 1529 4081">
    <p class='ocr_par' dir='ltr' id='par_1_5' title="bbox 514 2655 1529 3809">
     <span class='ocr_line' id='line_1_33' title="bbox 525 2655 1524 2722; baseline -0.001 -16"><span class='ocrx_word' id='word_1_266' title='bbox 525 2656 604 2720; x_wconf 89' lang='grc'>11,</span> <span class='ocrx_word' id='word_1_267' title='bbox 630 2655 682 2705; x_wconf 83' lang='lat'>6:</span> <span class='ocrx_word' id='word_1_268' title='bbox 708 2660 994 2720; x_wconf 73' lang='lat' dir='ltr'>vetustat35</span> <span class='ocrx_word' id='word_1_269' title='bbox 1022 2656 1104 2719; x_wconf 88' lang='grc'>21,</span> <span class='ocrx_word' id='word_1_270' title='bbox 1130 2657 1180 2720; x_wconf 89' lang='grc'>2,</span> <span class='ocrx_word' id='word_1_271' title='bbox 1207 2655 1454 2722; x_wconf 75' lang='lat' dir='ltr'>3zfiore,·</span> <span class='ocrx_word' id='word_1_272' title='bbox 1476 2656 1524 2721; x_wconf 90' lang='lat'>4,</span> 
     </span>
     <span class='ocr_line' id='line_1_34' title="bbox 524 2724 1526 2793; baseline 0.002 -19"><span class='ocrx_word' id='word_1_273' title='bbox 524 2724 601 2788; x_wconf 88' lang='lat'>19,</span> <span class='ocrx_word' id='word_1_274' title='bbox 627 2724 685 2774; x_wconf 83' lang='lat'>6:</span> <span class='ocrx_word' id='word_1_275' title='bbox 719 2726 904 2775; x_wconf 78' lang='lat' dir='ltr'>notitia</span> <span class='ocrx_word' id='word_1_276' title='bbox 923 2729 974 2775; x_wconf 76' lang='lat' dir='ltr'>u.</span> <span class='ocrx_word' id='word_1_277' title='bbox 998 2739 1063 2786; x_wconf 85' lang='lat' dir='ltr'>a.,</span> <span class='ocrx_word' id='word_1_278' title='bbox 1090 2724 1136 2787; x_wconf 84' lang='lat'>5,</span> <span class='ocrx_word' id='word_1_279' title='bbox 1162 2724 1253 2788; x_wconf 88' lang='grc'>38,</span> <span class='ocrx_word' id='word_1_280' title='bbox 1282 2724 1337 2774; x_wconf 82' lang='lat'>4:</span> <span class='ocrx_word' id='word_1_281' title='bbox 1371 2742 1526 2793; x_wconf 76' lang='lat' dir='ltr'>supe-</span> 
     </span>
     <span class='ocr_line' id='line_1_35' title="bbox 519 2792 1529 2855; baseline 0 -13"><span class='ocrx_word' id='word_1_282' title='bbox 519 2794 665 2842; x_wconf 84' lang='lat' dir='ltr'>ranti</span> <span class='ocrx_word' id='word_1_283' title='bbox 679 2792 1005 2843; x_wconf 73' lang='lat' dir='ltr'>multitudine</span> <span class='ocrx_word' id='word_1_284' title='bbox 1011 2812 1031 2854; x_wconf 75' lang='grc' dir='ltr'><em>ς</em></span> <span class='ocrx_word' id='word_1_285' title='bbox 1052 2793 1175 2842; x_wconf 85' lang='lat' dir='ltr'>doch</span> <span class='ocrx_word' id='word_1_286' title='bbox 1194 2792 1319 2855; x_wconf 80' lang='lat' dir='ltr'>liegt</span> <span class='ocrx_word' id='word_1_287' title='bbox 1335 2793 1529 2844; x_wconf 54' lang='lat' dir='ltr'>minul-</span> 
     </span>
     <span class='ocr_line' id='line_1_36' title="bbox 519 2859 1526 2927; baseline -0.001 -16"><span class='ocrx_word' id='word_1_288' title='bbox 519 2860 753 2923; x_wconf 79' lang='lat' dir='ltr'>titudinc,</span> <span class='ocrx_word' id='word_1_289' title='bbox 780 2875 821 2909; x_wconf 74' lang='lat' dir='ltr'>a.</span> <span class='ocrx_word' id='word_1_290' title='bbox 836 2861 884 2925; x_wconf 83' lang='lat'>5,</span> <span class='ocrx_word' id='word_1_291' title='bbox 895 2859 1045 2921; x_wconf 81' lang='lat'>38,3:</span> <span class='ocrx_word' id='word_1_292' title='bbox 1066 2862 1122 2912; x_wconf 86' lang='lat' dir='ltr'>in</span> <span class='ocrx_word' id='word_1_293' title='bbox 1143 2862 1420 2927; x_wconf 81' lang='lat' dir='ltr'>paucitate,</span> <span class='ocrx_word' id='word_1_294' title='bbox 1444 2861 1526 2924; x_wconf 82' lang='lat'>27,</span> 
     </span>
     <span class='ocr_line' id='line_1_37' title="bbox 520 2927 1527 2994; baseline 0.001 -16"><span class='ocrx_word' id='word_1_295' title='bbox 520 2927 603 2994; x_wconf 91' lang='grc'>42,</span> <span class='ocrx_word' id='word_1_296' title='bbox 627 2928 658 2977; x_wconf 87' lang='grc'><strong>3</strong></span> <span class='ocrx_word' id='word_1_297' title='bbox 683 2944 733 2978; x_wconf 85' lang='grc' dir='ltr'>ιι.</span> <span class='ocrx_word' id='word_1_298' title='bbox 759 2943 829 2988; x_wconf 77' lang='grc' dir='ltr'><strong>ιι.;</strong></span> <span class='ocrx_word' id='word_1_299' title='bbox 867 2929 991 2978; x_wconf 87' lang='lat' dir='ltr'>oder</span> <span class='ocrx_word' id='word_1_300' title='bbox 1012 2927 1334 2980; x_wconf 76' lang='lat' dir='ltr'>multitudini</span> <span class='ocrx_word' id='word_1_301' title='bbox 1355 2930 1527 2979; x_wconf 74' lang='lat' dir='ltr'>niiher.</span> 
     </span>
     <span class='ocr_line' id='line_1_38' title="bbox 517 2995 1525 3059; baseline 0 -12"><span class='ocrx_word' id='word_1_302' title='bbox 517 3025 583 3033; x_wconf 96' lang='lat'>—-</span> <span class='ocrx_word' id='word_1_303' title='bbox 595 2996 787 3047; x_wconf 75' lang='lat' dir='ltr'>dextra</span> <span class='ocrx_word' id='word_1_304' title='bbox 804 2996 851 3059; x_wconf 72' lang='lat' dir='ltr'>L,</span> <span class='ocrx_word' id='word_1_305' title='bbox 872 2996 1041 3046; x_wconf 80' lang='lat' dir='ltr'>rechts</span> <span class='ocrx_word' id='word_1_306' title='bbox 1059 2997 1157 3045; x_wconf 84' lang='lat' dir='ltr'>und</span> <span class='ocrx_word' id='word_1_307' title='bbox 1178 2995 1337 3058; x_wconf 83' lang='lat' dir='ltr'>links;</span> <span class='ocrx_word' id='word_1_308' title='bbox 1360 2999 1525 3047; x_wconf 77' lang='lat' dir='ltr'>wahr-</span> 
     </span>
     <span class='ocr_line' id='line_1_39' title="bbox 517 3064 1524 3130; baseline 0.002 -17"><span class='ocrx_word' id='word_1_309' title='bbox 517 3064 790 3114; x_wconf 84' lang='lat' dir='ltr'>scheinlich</span> <span class='ocrx_word' id='word_1_310' title='bbox 857 3065 997 3114; x_wconf 77' lang='lat' dir='ltr'>hatte</span> <span class='ocrx_word' id='word_1_311' title='bbox 1065 3079 1127 3113; x_wconf 86' lang='lat' dir='ltr'>er</span> <span class='ocrx_word' id='word_1_312' title='bbox 1185 3064 1373 3127; x_wconf 83' lang='lat' dir='ltr'>gehofft</span> <span class='ocrx_word' id='word_1_313' title='bbox 1433 3066 1524 3130; x_wconf 79' lang='lat' dir='ltr'>mit</span> 
     </span>
     <span class='ocr_line' id='line_1_40' title="bbox 516 3130 1522 3183; baseline 0.002 -2"><span class='ocrx_word' id='word_1_314' title='bbox 516 3133 609 3181; x_wconf 88' lang='lat' dir='ltr'>der</span> <span class='ocrx_word' id='word_1_315' title='bbox 650 3132 840 3182; x_wconf 75' lang='lat' dir='ltr'>dextra</span> <span class='ocrx_word' id='word_1_316' title='bbox 879 3131 964 3183; x_wconf 87' lang='lat' dir='ltr'>ala</span> <span class='ocrx_word' id='word_1_317' title='bbox 1004 3132 1098 3180; x_wconf 87' lang='lat' dir='ltr'>den</span> <span class='ocrx_word' id='word_1_318' title='bbox 1140 3130 1299 3181; x_wconf 86' lang='lat' dir='ltr'>Feind</span> <span class='ocrx_word' id='word_1_319' title='bbox 1339 3132 1522 3183; x_wconf 85' lang='lat' dir='ltr'>durch-</span> 
     </span>
     <span class='ocr_line' id='line_1_41' title="bbox 514 3199 1524 3263; baseline 0.003 -15"><span class='ocrx_word' id='word_1_320' title='bbox 514 3200 731 3249; x_wconf 84' lang='lat' dir='ltr'>brechen</span> <span class='ocrx_word' id='word_1_321' title='bbox 768 3215 830 3248; x_wconf 84' lang='lat' dir='ltr'>zu</span> <span class='ocrx_word' id='word_1_322' title='bbox 860 3199 1090 3260; x_wconf 56' lang='lat' dir='ltr'>kunnun,</span> <span class='ocrx_word' id='word_1_323' title='bbox 1129 3199 1265 3263; x_wconf 80' lang='lat' dir='ltr'>jetzt</span> <span class='ocrx_word' id='word_1_324' title='bbox 1296 3216 1432 3251; x_wconf 81' lang='lat' dir='ltr'>muss</span> <span class='ocrx_word' id='word_1_325' title='bbox 1466 3217 1524 3251; x_wconf 89' lang='lat' dir='ltr'>er</span> 
     </span>
     <span class='ocr_line' id='line_1_42' title="bbox 515 3265 1520 3334; baseline 0.002 -18"><span class='ocrx_word' id='word_1_326' title='bbox 515 3266 611 3317; x_wconf 87' lang='lat' dir='ltr'>den</span> <span class='ocrx_word' id='word_1_327' title='bbox 658 3265 1007 3334; x_wconf 83' lang='lat' dir='ltr'>Schlachtplan</span> <span class='ocrx_word' id='word_1_328' title='bbox 1030 3283 1035 3300; x_wconf 34' lang='grc' dir='ltr'><strong>ι</strong></span> <span class='ocrx_word' id='word_1_329' title='bbox 1056 3266 1244 3322; x_wconf 79' lang='lat' dir='ltr'>iindern</span> <span class='ocrx_word' id='word_1_330' title='bbox 1292 3270 1409 3319; x_wconf 76' lang='lat' dir='ltr'>und·</span> <span class='ocrx_word' id='word_1_331' title='bbox 1442 3270 1520 3318; x_wconf 89' lang='lat' dir='ltr'>ein</span> 
     </span>
     <span class='ocr_line' id='line_1_43' title="bbox 516 3333 1521 3401; baseline 0.001 -18"><span class='ocrx_word' id='word_1_332' title='bbox 516 3333 770 3385; x_wconf 76' lang='lat' dir='ltr'>iihnliches</span> <span class='ocrx_word' id='word_1_333' title='bbox 803 3334 1048 3386; x_wconf 81' lang='lat' dir='ltr'>Maniiver</span> <span class='ocrx_word' id='word_1_334' title='bbox 1078 3336 1173 3385; x_wconf 87' lang='lat' dir='ltr'>wie</span> <span class='ocrx_word' id='word_1_335' title='bbox 1210 3335 1301 3398; x_wconf 90' lang='grc'>28,</span> <span class='ocrx_word' id='word_1_336' title='bbox 1340 3335 1424 3401; x_wconf 87' lang='grc'>14,</span> <span class='ocrx_word' id='word_1_337' title='bbox 1460 3335 1521 3385; x_wconf 87' lang='grc'>15</span> 
     </span>
     <span class='ocr_line' id='line_1_44' title="bbox 516 3402 1522 3467; baseline 0.001 -14"><span class='ocrx_word' id='word_1_338' title='bbox 516 3403 805 3454; x_wconf 80' lang='lat' dir='ltr'>ausfiihren.</span> <span class='ocrx_word' id='word_1_339' title='bbox 829 3429 890 3440; x_wconf 87' lang='lat'>--</span> <span class='ocrx_word' id='word_1_340' title='bbox 919 3402 1112 3467; x_wconf 82' lang='lat' dir='ltr'>Diiovi,</span> <span class='ocrx_word' id='word_1_341' title='bbox 1146 3403 1258 3453; x_wconf 87' lang='lat' dir='ltr'>dem</span> <span class='ocrx_word' id='word_1_342' title='bbox 1284 3402 1409 3454; x_wconf 85' lang='lat' dir='ltr'>Gott</span> <span class='ocrx_word' id='word_1_343' title='bbox 1433 3405 1522 3454; x_wconf 88' lang='lat' dir='ltr'>des</span> 
     </span>
     <span class='ocr_line' id='line_1_45' title="bbox 515 3471 1522 3535; baseline 0.003 -14"><span class='ocrx_word' id='word_1_344' title='bbox 515 3471 702 3522; x_wconf 84' lang='lat' dir='ltr'>lichten</span> <span class='ocrx_word' id='word_1_345' title='bbox 753 3471 1014 3535; x_wconf 83' lang='lat' dir='ltr'>Himmels,</span> <span class='ocrx_word' id='word_1_346' title='bbox 1078 3472 1219 3521; x_wconf 83' lang='lat' dir='ltr'>einer</span> <span class='ocrx_word' id='word_1_347' title='bbox 1273 3471 1522 3524; x_wconf 79' lang='lat' dir='ltr'>besonde-</span> 
     </span>
     <span class='ocr_line' id='line_1_46' title="bbox 515 3538 1518 3605; baseline 0 -17"><span class='ocrx_word' id='word_1_348' title='bbox 515 3555 606 3588; x_wconf 88' lang='lat' dir='ltr'>ren</span> <span class='ocrx_word' id='word_1_349' title='bbox 667 3538 867 3590; x_wconf 78' lang='lat' dir='ltr'>Gestalt</span> <span class='ocrx_word' id='word_1_350' title='bbox 932 3540 1020 3589; x_wconf 81' lang='lat' dir='ltr'>des</span> <span class='ocrx_word' id='word_1_351' title='bbox 1089 3540 1339 3605; x_wconf 80' lang='lat' dir='ltr'>Juppiter,</span> <span class='ocrx_word' id='word_1_352' title='bbox 1415 3540 1518 3602; x_wconf 81' lang='lat' dir='ltr'>vgl.</span> 
     </span>
     <span class='ocr_line' id='line_1_47' title="bbox 519 3606 1518 3672; baseline 0 -16"><span class='ocrx_word' id='word_1_353' title='bbox 519 3606 572 3671; x_wconf 93' lang='lat'>1,</span> <span class='ocrx_word' id='word_1_354' title='bbox 607 3606 701 3672; x_wconf 84' lang='lat'>24,</span> <span class='ocrx_word' id='word_1_355' title='bbox 733 3606 792 3669; x_wconf 76' lang='lat'>83</span> <span class='ocrx_word' id='word_1_356' title='bbox 828 3608 1051 3658; x_wconf 83' lang='lat' dir='ltr'>weshalb</span> <span class='ocrx_word' id='word_1_357' title='bbox 1085 3609 1210 3657; x_wconf 78' lang='lat' dir='ltr'>auch</span> <span class='ocrx_word' id='word_1_358' title='bbox 1244 3606 1334 3668; x_wconf 87' lang='grc'>34,</span> <span class='ocrx_word' id='word_1_359' title='bbox 1372 3606 1462 3668; x_wconf 82' lang='lat'>53,</span> <span class='ocrx_word' id='word_1_360' title='bbox 1490 3607 1518 3656; x_wconf 85' lang='lat'><strong>7</strong></span> 
     </span>
     <span class='ocr_line' id='line_1_48' title="bbox 514 3675 1523 3742; baseline 0 -18"><span class='ocrx_word' id='word_1_361' title='bbox 514 3676 625 3724; x_wconf 85' lang='lat' dir='ltr'>dem</span> <span class='ocrx_word' id='word_1_362' title='bbox 656 3675 891 3742; x_wconf 63' lang='lat' dir='ltr'>«luppiter</span> <span class='ocrx_word' id='word_1_363' title='bbox 932 3677 1022 3725; x_wconf 87' lang='lat' dir='ltr'>der</span> <span class='ocrx_word' id='word_1_364' title='bbox 1055 3675 1261 3741; x_wconf 82' lang='lat' dir='ltr'>Tempel</span> <span class='ocrx_word' id='word_1_365' title='bbox 1302 3675 1523 3736; x_wconf 82' lang='lat' dir='ltr'>geweilit</span> 
     </span>
     <span class='ocr_line' id='line_1_49' title="bbox 514 3740 1387 3809; baseline -0.001 -17"><span class='ocrx_word' id='word_1_366' title='bbox 514 3743 658 3807; x_wconf 86' lang='lat' dir='ltr'>wird,</span> <span class='ocrx_word' id='word_1_367' title='bbox 684 3744 788 3807; x_wconf 79' lang='lat' dir='ltr'>vgl.</span> <span class='ocrx_word' id='word_1_368' title='bbox 812 3743 1009 3794; x_wconf 85' lang='lat' dir='ltr'>Preller</span> <span class='ocrx_word' id='word_1_369' title='bbox 1031 3741 1242 3809; x_wconf 82' lang='lat' dir='ltr'>Mythol.</span> <span class='ocrx_word' id='word_1_370' title='bbox 1272 3740 1387 3792; x_wconf 87' lang='grc'>238.</span> 
     </span>
    </p>

    <p class='ocr_par' dir='ltr' id='par_1_6' title="bbox 477 3810 1523 4081">
     <span class='ocr_line' id='line_1_50' title="bbox 588 3810 1522 3874; baseline 0 -14"><span class='ocrx_word' id='word_1_371' title='bbox 588 3811 648 3861; x_wconf 90' lang='grc'>13</span> <span class='ocrx_word' id='word_1_372' title='bbox 669 3840 737 3848; x_wconf 91' lang='lat'><strong>—</strong></span> <span class='ocrx_word' id='word_1_373' title='bbox 759 3810 836 3862; x_wconf 89' lang='grc'>18.</span> <span class='ocrx_word' id='word_1_374' title='bbox 897 3812 1155 3874; x_wconf 76' lang='lat' dir='ltr'>emittere,</span> <span class='ocrx_word' id='word_1_375' title='bbox 1208 3810 1522 3874; x_wconf 74' lang='lat' dir='ltr'>gewiihnlicli</span> 
     </span>
     <span class='ocr_line' id='line_1_51' title="bbox 512 3877 1523 3941; baseline -0.001 -11"><span class='ocrx_word' id='word_1_376' title='bbox 512 3895 613 3931; x_wconf 85' lang='lat' dir='ltr'>von</span> <span class='ocrx_word' id='word_1_377' title='bbox 647 3880 739 3929; x_wconf 85' lang='lat' dir='ltr'>der</span> <span class='ocrx_word' id='word_1_378' title='bbox 770 3879 994 3929; x_wconf 84' lang='lat' dir='ltr'>Reiterei</span> <span class='ocrx_word' id='word_1_379' title='bbox 1026 3877 1312 3941; x_wconf 79' lang='lat' dir='ltr'>gebraucht.</span> <span class='ocrx_word' id='word_1_380' title='bbox 1337 3906 1407 3916; x_wconf 91' lang='grc'>--</span> <span class='ocrx_word' id='word_1_381' title='bbox 1429 3894 1523 3929; x_wconf 82' lang='lat' dir='ltr'>nec</span> 
     </span>
     <span class='ocr_line' id='line_1_52' title="bbox 477 3944 1522 4012; baseline -0.004 -13"><span class='ocrx_word' id='word_1_382' title='bbox 477 3952 658 3999; x_wconf 75' lang='lat' dir='ltr'>.=et</span> <span class='ocrx_word' id='word_1_383' title='bbox 677 3964 764 4011; x_wconf 83' lang='lat' dir='ltr'>ne,</span> <span class='ocrx_word' id='word_1_384' title='bbox 791 3962 832 3996; x_wconf 75' lang='lat' dir='ltr'>s,</span> <span class='ocrx_word' id='word_1_385' title='bbox 861 3945 949 4011; x_wconf 89' lang='grc'>23,</span> <span class='ocrx_word' id='word_1_386' title='bbox 975 3944 1033 4007; x_wconf 89' lang='grc'>3,</span> <span class='ocrx_word' id='word_1_387' title='bbox 1060 3944 1118 4006; x_wconf 82' lang='lat'>33</span> <span class='ocrx_word' id='word_1_388' title='bbox 1156 3945 1246 4011; x_wconf 90' lang='grc'>24,</span> <span class='ocrx_word' id='word_1_389' title='bbox 1270 3945 1438 4009; x_wconf 85' lang='lat'>3,14;</span> <span class='ocrx_word' id='word_1_390' title='bbox 1476 3947 1522 4012; x_wconf 90' lang='lat'>5,</span> 
     </span>
     <span class='ocr_line' id='line_1_53' title="bbox 515 4012 1521 4081; baseline -0.003 -15"><span class='ocrx_word' id='word_1_391' title='bbox 515 4015 598 4081; x_wconf 87' lang='grc'>53,</span> <span class='ocrx_word' id='word_1_392' title='bbox 618 4016 744 4066; x_wconf 90' lang='grc'>3.-</span> <span class='ocrx_word' id='word_1_393' title='bbox 763 4012 1285 4075; x_wconf 66' lang='lat' dir='ltr'>catenant-diduci„</span> <span class='ocrx_word' id='word_1_394' title='bbox 1302 4014 1521 4063; x_wconf 83' lang='lat' dir='ltr'>dadurch</span> 
     </span>
    </p>
   </div>
   <div class='ocr_carea' id='block_1_6' title="bbox 1626 2652 2646 4078">
    <p class='ocr_par' dir='ltr' id='par_1_7' title="bbox 1626 2652 2646 4078">
     <span class='ocr_line' id='line_1_54' title="bbox 1635 2652 2640 2720; baseline -0.004 -14"><span class='ocrx_word' id='word_1_395' title='bbox 1635 2671 1781 2707; x_wconf 79' lang='lat' dir='ltr'>wenn</span> <span class='ocrx_word' id='word_1_396' title='bbox 1824 2655 2068 2720; x_wconf 82' lang='lat' dir='ltr'>mediam,</span> <span class='ocrx_word' id='word_1_397' title='bbox 2129 2670 2234 2705; x_wconf 82' lang='lat' dir='ltr'>was</span> <span class='ocrx_word' id='word_1_398' title='bbox 2279 2654 2338 2704; x_wconf 90' lang='lat' dir='ltr'>L.</span> <span class='ocrx_word' id='word_1_399' title='bbox 2384 2652 2640 2704; x_wconf 78' lang='lat' dir='ltr'>mehrl&#39;ach</span> 
     </span>
     <span class='ocr_line' id='line_1_55' title="bbox 1635 2721 2637 2787; baseline -0.002 -14"><span class='ocrx_word' id='word_1_400' title='bbox 1635 2723 1960 2787; x_wconf 76' lang='lat' dir='ltr'>hinzugeffigt</span> <span class='ocrx_word' id='word_1_401' title='bbox 1989 2725 2097 2785; x_wconf 81' lang='lat' dir='ltr'>hat,</span> <span class='ocrx_word' id='word_1_402' title='bbox 2141 2721 2366 2773; x_wconf 81' lang='lat' dir='ltr'>entfernt</span> <span class='ocrx_word' id='word_1_403' title='bbox 2395 2721 2559 2782; x_wconf 61' lang='lat' dir='ltr'>wire,</span> <span class='ocrx_word' id='word_1_404' title='bbox 2591 2736 2637 2771; x_wconf 78' lang='lat' dir='ltr'>s.</span> 
     </span>
     <span class='ocr_line' id='line_1_56' title="bbox 1635 2789 2640 2855; baseline -0.003 -13"><span class='ocrx_word' id='word_1_405' title='bbox 1635 2791 1755 2842; x_wconf 82' lang='lat' dir='ltr'>Tac.</span> <span class='ocrx_word' id='word_1_406' title='bbox 1798 2793 1919 2855; x_wconf 85' lang='lat' dir='ltr'>Agr.</span> <span class='ocrx_word' id='word_1_407' title='bbox 1968 2791 2054 2841; x_wconf 88' lang='lat'>35:</span> <span class='ocrx_word' id='word_1_408' title='bbox 2108 2790 2326 2841; x_wconf 72' lang='lat' dir='ltr'>diductis</span> <span class='ocrx_word' id='word_1_409' title='bbox 2374 2789 2640 2842; x_wconf 73' lang='lat' dir='ltr'>ordinibus</span> 
     </span>
     <span class='ocr_line' id='line_1_57' title="bbox 1634 2859 2643 2926; baseline -0.004 -15"><span class='ocrx_word' id='word_1_410' title='bbox 1634 2876 1937 2925; x_wconf 81' lang='lat' dir='ltr'>quamquam</span> <span class='ocrx_word' id='word_1_411' title='bbox 1960 2861 2254 2926; x_wconf 79' lang='lat' dir='ltr'>porrectior</span> <span class='ocrx_word' id='word_1_412' title='bbox 2284 2860 2417 2908; x_wconf 73' lang='lat' dir='ltr'>acies</span> <span class='ocrx_word' id='word_1_413' title='bbox 2435 2859 2643 2923; x_wconf 79' lang='lat' dir='ltr'>sutura</span> 
     </span>
     <span class='ocr_line' id='line_1_58' title="bbox 1636 2926 2641 2992; baseline -0.007 -14"><span class='ocrx_word' id='word_1_414' title='bbox 1636 2934 1763 2980; x_wconf 83' lang='lat' dir='ltr'>crat.</span> <span class='ocrx_word' id='word_1_415' title='bbox 1798 2955 1867 2968; x_wconf 82' lang='lat'>—-</span> <span class='ocrx_word' id='word_1_416' title='bbox 1908 2928 2173 2992; x_wconf 73' lang='lat' dir='ltr'>confertos</span> <span class='ocrx_word' id='word_1_417' title='bbox 2209 2926 2274 2978; x_wconf 88' lang='lat' dir='ltr'>im</span> <span class='ocrx_word' id='word_1_418' title='bbox 2315 2940 2492 2988; x_wconf 83' lang='lat' dir='ltr'>engem</span> <span class='ocrx_word' id='word_1_419' title='bbox 2532 2926 2641 2975; x_wconf 69' lang='lat' dir='ltr'>An·-</span> 
     </span>
     <span class='ocr_line' id='line_1_59' title="bbox 1636 2994 2641 3061; baseline -0.003 -15"><span class='ocrx_word' id='word_1_420' title='bbox 1636 2998 1829 3046; x_wconf 78' lang='lat' dir='ltr'>schluss</span> <span class='ocrx_word' id='word_1_421' title='bbox 1861 2995 2164 3045; x_wconf 83' lang='lat' dir='ltr'>vorriicken.</span> <span class='ocrx_word' id='word_1_422' title='bbox 2200 3019 2261 3030; x_wconf 85' lang='lat'>-</span> <span class='ocrx_word' id='word_1_423' title='bbox 2300 2996 2357 3043; x_wconf 85' lang='lat' dir='ltr'>in</span> <span class='ocrx_word' id='word_1_424' title='bbox 2391 2994 2532 3043; x_wconf 84' lang='lat' dir='ltr'>omni</span> <span class='ocrx_word' id='word_1_425' title='bbox 2563 3008 2641 3061; x_wconf 66' lang='lat' dir='ltr'>p„</span> 
     </span>
     <span class='ocr_line' id='line_1_60' title="bbox 1631 3061 2642 3127; baseline -0.003 -13"><span class='ocrx_word' id='word_1_426' title='bbox 1631 3065 1727 3115; x_wconf 84' lang='lat' dir='ltr'>wie</span> <span class='ocrx_word' id='word_1_427' title='bbox 1754 3063 1843 3126; x_wconf 86' lang='lat'>39,</span> <span class='ocrx_word' id='word_1_428' title='bbox 1870 3062 1963 3125; x_wconf 85' lang='grc'>36,</span> <span class='ocrx_word' id='word_1_429' title='bbox 1993 3062 2079 3111; x_wconf 83' lang='lat'>14:</span> <span class='ocrx_word' id='word_1_430' title='bbox 2113 3065 2167 3111; x_wconf 82' lang='lat' dir='ltr'>in</span> <span class='ocrx_word' id='word_1_431' title='bbox 2200 3061 2304 3111; x_wconf 80' lang='lat' dir='ltr'>ulla</span> <span class='ocrx_word' id='word_1_432' title='bbox 2330 3065 2504 3127; x_wconf 80' lang='lat' dir='ltr'>parte,</span> <span class='ocrx_word' id='word_1_433' title='bbox 2537 3062 2642 3111; x_wconf 81' lang='lat' dir='ltr'>wie</span> 
     </span>
     <span class='ocr_line' id='line_1_61' title="bbox 1629 3127 2646 3186; baseline -0.004 -4"><span class='ocrx_word' id='word_1_434' title='bbox 1629 3134 1752 3182; x_wconf 82' lang='lat' dir='ltr'>auch</span> <span class='ocrx_word' id='word_1_435' title='bbox 1776 3130 1857 3186; x_wconf 81' lang='lat' dir='ltr'>bei</span> <span class='ocrx_word' id='word_1_436' title='bbox 1882 3135 2022 3181; x_wconf 73' lang='lat' dir='ltr'>totus</span> <span class='ocrx_word' id='word_1_437' title='bbox 2044 3128 2305 3178; x_wconf 84' lang='lat' dir='ltr'>bisweilen</span> <span class='ocrx_word' id='word_1_438' title='bbox 2332 3127 2438 3175; x_wconf 87' lang='lat' dir='ltr'>sich</span> <span class='ocrx_word' id='word_1_439' title='bbox 2460 3128 2514 3175; x_wconf 83' lang='lat' dir='ltr'>in</span> <span class='ocrx_word' id='word_1_440' title='bbox 2541 3128 2646 3179; x_wconf 86' lang='lat' dir='ltr'>fin·-</span> 
     </span>
     <span class='ocr_line' id='line_1_62' title="bbox 1630 3193 2641 3261; baseline -0.008 -11"><span class='ocrx_word' id='word_1_441' title='bbox 1630 3200 1737 3261; x_wconf 83' lang='lat' dir='ltr'>det,</span> <span class='ocrx_word' id='word_1_442' title='bbox 1779 3196 2088 3261; x_wconf 70' lang='lat' dir='ltr'>gewizilinlich</span> <span class='ocrx_word' id='word_1_443' title='bbox 2132 3202 2244 3257; x_wconf 78' lang='lat' dir='ltr'>sagt</span> <span class='ocrx_word' id='word_1_444' title='bbox 2276 3193 2459 3258; x_wconf 80' lang='lat' dir='ltr'>jedoch</span> <span class='ocrx_word' id='word_1_445' title='bbox 2484 3194 2541 3246; x_wconf 90' lang='lat' dir='ltr'>L.</span> <span class='ocrx_word' id='word_1_446' title='bbox 2572 3199 2641 3248; x_wconf 74' lang='lat' dir='ltr'>ab</span> 
     </span>
     <span class='ocr_line' id='line_1_63' title="bbox 1630 3263 2644 3334; baseline -0.004 -16"><span class='ocrx_word' id='word_1_447' title='bbox 1630 3268 1733 3330; x_wconf 65' lang='lat' dir='ltr'>(esc)</span> <span class='ocrx_word' id='word_1_448' title='bbox 1748 3269 1888 3317; x_wconf 84' lang='lat' dir='ltr'>omni</span> <span class='ocrx_word' id='word_1_449' title='bbox 1897 3268 2046 3334; x_wconf 69' lang='lat' dir='ltr'>parte</span> <span class='ocrx_word' id='word_1_450' title='bbox 2064 3264 2187 3312; x_wconf 64' lang='lat' dir='ltr'>order</span> <span class='ocrx_word' id='word_1_451' title='bbox 2206 3278 2300 3312; x_wconf 84' lang='lat' dir='ltr'>nur</span> <span class='ocrx_word' id='word_1_452' title='bbox 2318 3263 2459 3312; x_wconf 82' lang='lat' dir='ltr'>omni</span> <span class='ocrx_word' id='word_1_453' title='bbox 2467 3269 2644 3331; x_wconf 78' lang='lat' dir='ltr'>parte,</span> 
     </span>
     <span class='ocr_line' id='line_1_64' title="bbox 1631 3331 2639 3399; baseline -0.002 -15"><span class='ocrx_word' id='word_1_454' title='bbox 1631 3350 1671 3384; x_wconf 82' lang='lat' dir='ltr'>s.</span> <span class='ocrx_word' id='word_1_455' title='bbox 1698 3334 1744 3399; x_wconf 80' lang='lat'>4,</span> <span class='ocrx_word' id='word_1_456' title='bbox 1769 3332 1849 3394; x_wconf 85' lang='lat'>28,</span> <span class='ocrx_word' id='word_1_457' title='bbox 1875 3333 1924 3382; x_wconf 90' lang='grc'>2.</span> <span class='ocrx_word' id='word_1_458' title='bbox 1943 3347 2013 3370; x_wconf 51' lang='lat' dir='ltr'>-a-</span> <span class='ocrx_word' id='word_1_459' title='bbox 2029 3335 2273 3399; x_wconf 66' lang='lat' dir='ltr'>carpent„</span> <span class='ocrx_word' id='word_1_460' title='bbox 2298 3331 2639 3397; x_wconf 77' lang='lat' dir='ltr'>asyndetiscb,</span> 
     </span>
     <span class='ocr_line' id='line_1_65' title="bbox 1632 3399 2639 3465; baseline -0.001 -14"><span class='ocrx_word' id='word_1_461' title='bbox 1632 3418 1671 3451; x_wconf 77' lang='grc' dir='ltr'>ε.</span> <span class='ocrx_word' id='word_1_462' title='bbox 1698 3401 1794 3465; x_wconf 89' lang='lat'>21,</span> <span class='ocrx_word' id='word_1_463' title='bbox 1820 3399 1910 3461; x_wconf 89' lang='grc'>28,</span> <span class='ocrx_word' id='word_1_464' title='bbox 1937 3400 1997 3460; x_wconf 83' lang='lat'>23</span> <span class='ocrx_word' id='word_1_465' title='bbox 2040 3399 2166 3449; x_wconf 84' lang='lat' dir='ltr'>iiber</span> <span class='ocrx_word' id='word_1_466' title='bbox 2199 3399 2548 3465; x_wconf 82' lang='lat' dir='ltr'>diecarpenta</span> <span class='ocrx_word' id='word_1_467' title='bbox 2591 3415 2639 3450; x_wconf 71' lang='lat' dir='ltr'>s·</span> 
     </span>
     <span class='ocr_line' id='line_1_66' title="bbox 1632 3466 2633 3534; baseline -0.001 -15"><span class='ocrx_word' id='word_1_468' title='bbox 1632 3469 1711 3534; x_wconf 87' lang='grc'>33,</span> <span class='ocrx_word' id='word_1_469' title='bbox 1737 3468 1819 3531; x_wconf 88' lang='grc'>23,</span> <span class='ocrx_word' id='word_1_470' title='bbox 1846 3468 1904 3529; x_wconf 81' lang='grc'>4;</span> <span class='ocrx_word' id='word_1_471' title='bbox 1931 3466 2013 3532; x_wconf 85' lang='grc'>32,</span> <span class='ocrx_word' id='word_1_472' title='bbox 2041 3466 2121 3534; x_wconf 89' lang='grc'>30,</span> <span class='ocrx_word' id='word_1_473' title='bbox 2149 3467 2240 3529; x_wconf 80' lang='lat'>123</span> <span class='ocrx_word' id='word_1_474' title='bbox 2272 3466 2349 3528; x_wconf 88' lang='lat'>10,</span> <span class='ocrx_word' id='word_1_475' title='bbox 2377 3466 2469 3534; x_wconf 86' lang='lat'>28,</span> <span class='ocrx_word' id='word_1_476' title='bbox 2494 3468 2542 3518; x_wconf 84' lang='lat'>9.</span> <span class='ocrx_word' id='word_1_477' title='bbox 2568 3496 2633 3505; x_wconf 92' lang='lat'>—</span> 
     </span>
     <span class='ocr_line' id='line_1_67' title="bbox 1626 3535 2637 3605; baseline -0.001 -19"><span class='ocrx_word' id='word_1_478' title='bbox 1626 3536 1848 3605; x_wconf 81' lang='lat' dir='ltr'>praeda,</span> <span class='ocrx_word' id='word_1_479' title='bbox 1873 3536 2091 3600; x_wconf 74' lang='lat' dir='ltr'>mugen,</span> <span class='ocrx_word' id='word_1_480' title='bbox 2130 3536 2210 3586; x_wconf 88' lang='lat' dir='ltr'>die</span> <span class='ocrx_word' id='word_1_481' title='bbox 2232 3536 2309 3586; x_wconf 80' lang='lat' dir='ltr'>als</span> <span class='ocrx_word' id='word_1_482' title='bbox 2335 3535 2492 3586; x_wconf 87' lang='lat' dir='ltr'>Beute</span> <span class='ocrx_word' id='word_1_483' title='bbox 2526 3536 2637 3586; x_wconf 85' lang='lat' dir='ltr'>die-</span> 
     </span>
     <span class='ocr_line' id='line_1_68' title="bbox 1630 3603 2637 3668; baseline -0.001 -14"><span class='ocrx_word' id='word_1_484' title='bbox 1630 3621 1727 3655; x_wconf 89' lang='lat' dir='ltr'>neu</span> <span class='ocrx_word' id='word_1_485' title='bbox 1768 3605 2006 3655; x_wconf 82' lang='lat' dir='ltr'>konnten.</span> <span class='ocrx_word' id='word_1_486' title='bbox 2049 3633 2119 3641; x_wconf 92' lang='lat'>-—</span> <span class='ocrx_word' id='word_1_487' title='bbox 2156 3603 2363 3668; x_wconf 62' lang='lat' dir='ltr'>Hamil„</span> <span class='ocrx_word' id='word_1_488' title='bbox 2412 3603 2637 3654; x_wconf 80' lang='lat' dir='ltr'>anderen</span> 
     </span>
     <span class='ocr_line' id='line_1_69' title="bbox 1627 3667 2637 3738; baseline -0.005 -13"><span class='ocrx_word' id='word_1_489' title='bbox 1627 3673 1962 3725; x_wconf 81' lang='lat' dir='ltr'>Nachrichten</span> <span class='ocrx_word' id='word_1_490' title='bbox 1987 3672 2115 3737; x_wconf 78' lang='lat' dir='ltr'>folgt</span> <span class='ocrx_word' id='word_1_491' title='bbox 2137 3673 2194 3724; x_wconf 86' lang='lat' dir='ltr'>L.</span> <span class='ocrx_word' id='word_1_492' title='bbox 2222 3667 2302 3737; x_wconf 80' lang='lat'>32,</span> <span class='ocrx_word' id='word_1_493' title='bbox 2327 3671 2410 3736; x_wconf 85' lang='grc'>30,</span> <span class='ocrx_word' id='word_1_494' title='bbox 2439 3670 2527 3733; x_wconf 82' lang='lat'>123</span> <span class='ocrx_word' id='word_1_495' title='bbox 2553 3671 2637 3738; x_wconf 89' lang='grc'>33,</span> 
     </span>
     <span class='ocr_line' id='line_1_70' title="bbox 1626 3740 2634 3810; baseline -0.002 -19"><span class='ocrx_word' id='word_1_496' title='bbox 1626 3742 1708 3806; x_wconf 88' lang='grc'>23,</span> <span class='ocrx_word' id='word_1_497' title='bbox 1719 3742 1777 3792; x_wconf 65' lang='grc'>«5.</span> <span class='ocrx_word' id='word_1_498' title='bbox 1790 3769 1858 3779; x_wconf 93' lang='lat'>—-</span> <span class='ocrx_word' id='word_1_499' title='bbox 1874 3742 2327 3810; x_wconf 64' lang='lat' dir='ltr'>dux—imperat„</span> <span class='ocrx_word' id='word_1_500' title='bbox 2345 3741 2425 3790; x_wconf 86' lang='lat' dir='ltr'>die</span> <span class='ocrx_word' id='word_1_501' title='bbox 2442 3740 2634 3790; x_wconf 82' lang='lat' dir='ltr'>letzten</span> 
     </span>
     <span class='ocr_line' id='line_1_71' title="bbox 1629 3808 2636 3874; baseline -0.003 -14"><span class='ocrx_word' id='word_1_502' title='bbox 1629 3810 1766 3861; x_wconf 89' lang='lat' dir='ltr'>viell.</span> <span class='ocrx_word' id='word_1_503' title='bbox 1799 3811 1876 3861; x_wconf 77' lang='lat' dir='ltr'>als</span> <span class='ocrx_word' id='word_1_504' title='bbox 1910 3810 2238 3874; x_wconf 70' lang='lat' dir='ltr'>regelmiissig</span> <span class='ocrx_word' id='word_1_505' title='bbox 2270 3808 2522 3871; x_wconf 74' lang='lat' dir='ltr'>gewiihlte</span> <span class='ocrx_word' id='word_1_506' title='bbox 2543 3822 2636 3857; x_wconf 81' lang='lat' dir='ltr'>an-</span> 
     </span>
     <span class='ocr_line' id='line_1_72' title="bbox 1630 3875 2634 3934; baseline -0.003 -6"><span class='ocrx_word' id='word_1_507' title='bbox 1630 3880 1748 3934; x_wconf 81' lang='lat' dir='ltr'>ders</span> <span class='ocrx_word' id='word_1_508' title='bbox 1773 3880 2068 3929; x_wconf 81' lang='lat' dir='ltr'>bezeichnet</span> <span class='ocrx_word' id='word_1_509' title='bbox 2085 3878 2162 3927; x_wconf 78' lang='lat' dir='ltr'>uls</span> <span class='ocrx_word' id='word_1_510' title='bbox 2180 3878 2272 3927; x_wconf 86' lang='lat' dir='ltr'>der</span> <span class='ocrx_word' id='word_1_511' title='bbox 2289 3876 2479 3926; x_wconf 77' lang='lat' dir='ltr'>fremde</span> <span class='ocrx_word' id='word_1_512' title='bbox 2494 3875 2634 3926; x_wconf 84' lang='lat' dir='ltr'>Fiih-</span> 
     </span>
     <span class='ocr_line' id='line_1_73' title="bbox 1630 3945 2632 4012; baseline -0.005 -14"><span class='ocrx_word' id='word_1_513' title='bbox 1630 3962 1737 4012; x_wconf 84' lang='lat' dir='ltr'>rer,</span> <span class='ocrx_word' id='word_1_514' title='bbox 1776 3962 1816 3996; x_wconf 79' lang='lat' dir='ltr'>e.</span> <span class='ocrx_word' id='word_1_515' title='bbox 1844 3947 1900 4012; x_wconf 88' lang='lat'>4,</span> <span class='ocrx_word' id='word_1_516' title='bbox 1936 3945 2026 4007; x_wconf 87' lang='lat'>20,</span> <span class='ocrx_word' id='word_1_517' title='bbox 2063 3945 2110 3996; x_wconf 87' lang='grc'>6.</span> <span class='ocrx_word' id='word_1_518' title='bbox 2135 3972 2205 3984; x_wconf 84' lang='grc'><strong>-</strong></span> <span class='ocrx_word' id='word_1_519' title='bbox 2236 3945 2519 3995; x_wconf 78' lang='lat' dir='ltr'>Placentini</span> <span class='ocrx_word' id='word_1_520' title='bbox 2540 3959 2632 4007; x_wconf 76' lang='lat' dir='ltr'>ge-</span> 
     </span>
     <span class='ocr_line' id='line_1_74' title="bbox 1630 4013 2632 4078; baseline 0.001 -14"><span class='ocrx_word' id='word_1_521' title='bbox 1630 4014 1842 4078; x_wconf 78' lang='lat' dir='ltr'>l&#39;angene</span> <span class='ocrx_word' id='word_1_522' title='bbox 1882 4014 2075 4077; x_wconf 66' lang='lat' dir='ltr'>Biirger</span> <span class='ocrx_word' id='word_1_523' title='bbox 2112 4029 2211 4066; x_wconf 81' lang='lat' dir='ltr'>von</span> <span class='ocrx_word' id='word_1_524' title='bbox 2252 4013 2535 4078; x_wconf 79' lang='lat' dir='ltr'>Placentia,</span> <span class='ocrx_word' id='word_1_525' title='bbox 2589 4026 2632 4065; x_wconf 74' lang='lat' dir='ltr'>s-</span> 
     </span>
    </p>
   </div>
   <div class='ocr_carea' id='block_1_7' title="bbox 2809 3788 2814 4514">
    <p class='ocr_par' dir='ltr' id='par_1_8' title="bbox 2809 3788 2814 4514">
     <span class='ocr_line' id='line_1_75' title="bbox 2809 3788 2814 4514; baseline 0 0"><span class='ocrx_word' id='word_1_526' title='bbox 2809 3788 2814 4514; x_wconf 95' lang='lat' dir='ltr'> </span> 
     </span>
    </p>
   </div>
  </div>
 </body>
</html>
