2861 4550
1103 366 1296 419 LIBER
1331 365 1579 418 XXXIV.
1630 366 1768 418 cAP.
1796 367 1879 418 33.
1905 367 1988 417 34.
2393 391 2435 421 a.
2456 388 2502 419 ιι.
2521 378 2630 420 559.

495 369 617 431 312

388 531 469 594 34
493 521 772 585 tradenda
828 531 999 584 esset.
1068 521 1211 583 Cum
1261 522 1538 583 adversus
1586 522 1880 584 tondendo
1924 522 2068 583 nihil
2105 528 2365 583 moveret
2404 519 2629 593 socios,

495 607 823 669 simulando
863 626 927 669 se
965 607 1219 669 transire
1259 608 1317 669 in
1357 626 1563 668 eorum
1602 608 1953 669 sententiam
1986 608 2183 669 omnis
2209 607 2271 667 in
2300 607 2627 668 adsensum

423 707 452 757 2
495 692 722 755 consilii
760 693 852 754 sui
887 694 1159 755 traduxit.
1224 694 1420 769 „bene
1460 701 1685 755 vertat“
1725 693 1942 773 inquit,
1984 693 2397 767 „obsidenmus
2437 691 2627 752 Lace-

491 780 861 852 daemonem,
893 779 1124 860 quando
1152 779 1225 839 ita
1250 779 1460 857 placet:
1497 780 1651 857 [iilud
1677 780 1859 839 modo
1879 797 1952 839 ne
1974 779 2144 856 sallat]
2173 786 2448 849 ceterum,
2483 795 2625 838 cum

491 883 584 926 res
616 872 733 925 tam
763 865 915 926 lenta
948 883 1120 944 quam
1153 864 1264 944 ipsi
1297 864 1457 925 scitis
1478 865 1848 944 ‘oppugnatio
1884 864 2118 925 urbium
2143 864 2219 925 sit
2248 872 2307 924 et
2339 862 2627 923 obsiden-

491 950 644 1011 tibus
682 949 848 1030 prius
891 968 1066 1030 saepe
1097 966 1271 1029 quam
1306 950 1569 1009 obsessis
1603 950 1854 1013 taedium
1884 951 2132 1021 adferat,
2170 950 2288 1009 iam
2317 965 2478 1008 nunc
2506 948 2631 1008 hoc

491 1036 567 1097 ita
597 1052 930 1115 proponere
961 1052 1066 1096 vos
1096 1035 1581 1113 animis-oportet,
1612 1036 2033 1096 hibernandum
2060 1036 2206 1106 circa
2228 1033 2631 1095 Lacedaemo·

420 1131 449 1179 3
494 1120 587 1183 nis
632 1119 865 1181 moenia
910 1140 1057 1181 esse.
1129 1136 1277 1198 quae
1322 1139 1489 1181 mora
1518 1122 1583 1181 si
1625 1121 1880 1181 laborem
1922 1129 2149 1181 tantum
2170 1139 2256 1181 ·ac
2295 1119 2625 1200 periculum

491 1205 746 1278 haberet,
786 1214 854 1265 ut
883 1214 939 1266 et
967 1205 1176 1267 animis
1206 1214 1264 1266 et
1292 1205 1640 1284 corporibus
1670 1207 1741 1267 ad
1772 1206 2112 1267 sustinenda
2143 1225 2210 1267 ea
2238 1205 2423 1284 parati
2451 1223 2624 1265 esse-

420 1304 450 1353 4
490 1289 566 1351 tis
604 1291 871 1350 hortarer
908 1310 1042 1351 vos:
1088 1308 1248 1352 nunc
1275 1292 1540 1370 impensa
1570 1310 1807 1371 quoque
1836 1306 2043 1370 magna
2073 1300 2201 1369 eget
2229 1290 2286 1350 in
2319 1309 2525 1370 opera,
2557 1290 2635 1349 in·

491 1374 952 1436 machinationes
992 1383 1049 1437 et
1083 1384 1406 1449 tormenta,
1453 1378 1664 1457 quibus
1705 1386 1863 1437 tanta
1905 1377 2048 1437 urbs
2081 1375 2475 1474 oppugnanda
2507 1383 2622 1446 est,

418 1470 446 1518 5
489 1458 548 1520 in
574 1468 938 1522 commeatus
960 1461 1127 1522 vobis
1153 1461 1480 1541 nobisque
1465 1482 1523 1522 m
1545 1463 1797 1522 hiemem
1822 1462 2235 1545 expediendos
2294 1461 2510 1540 itaque,
2542 1479 2623 1520 ne

488 1552 586 1606 aut
627 1553 867 1625 repente
908 1547 1235 1627 trepidetis,
1292 1556 1410 1607 aut
1433 1567 1559 1607 rem
1606 1549 1932 1609 inchoatam
1980 1548 2228 1626 turpiter
2272 1544 2621 1615 destituatis

489 1629 862 1693 scribendum
895 1641 1028 1694 ante
1059 1634 1269 1693 vestris
1304 1632 1627 1694 civitatibus
1662 1651 1871 1694 censeo
1903 1643 1957 1694 et
1983 1632 2434 1712 explorandum,
2474 1632 2621 1711 quid

417 1721 448 1771 ὃ
491 1734 752 1796 quaeque
789 1717 996 1791 animi,
1042 1719 1178 1796 quid
1221 1718 1426 1778 virium
1470 1719 1697 1779 habeat.
1758 1719 2104 1779 auxiliorum
2145 1719 2287 1779 satis
2326 1734 2622 1798 superque

489 1802 704 1876 habeo3
743 1803 846 1863 sed
888 1822 1003 1882 quo
1043 1804 1242 1882 plures
1284 1822 1520 1875 sumus,
1560 1804 1827 1883 pluribus
1871 1803 2046 1864 rebus
2087 1804 2404 1883 egebimus.
2468 1803 2619 1863 nihil

486 1887 602 1948 iam
642 1896 871 1966 praeter
909 1889 1134 1950 nudum
1177 1888 1367 1949 solum
1411 1908 1546 1968 ager
1583 1889 1843 1950 hostium
1889 1890 2077 1950 hahet.
2138 1889 2209 1949 ad
2241 1890 2356 1949 hoc
2383 1888 2617 1965 hiemps

415 1978 443 2027 7
487 1973 720 2034 accedet
755 1974 828 2034 ad
869 1975 1356 2053 comportandum
1398 1993 1466 2034 ex
1506 1975 1847 2054 longinquo*
1877 1975 2187 2046 difficilis.“
2246 1975 2389 2035 haec
2422 1973 2615 2034 oratio

488 2058 745 2136 primum
787 2058 1015 2118 animos
1059 2060 1325 2120 omnium
1366 2060 1439 2120 ad
1475 2061 1836 2139 respicienda
1868 2060 2074 2140 cuique
2113 2059 2432 2120 domestica
2463 2058 2616 2119 maia

490 2142 794 2214 convertit,
826 2143 1151 2222 segnitiam,
1181 2143 1454 2205 invidiam
1484 2155 1540 2206 et
1564 2145 2045 2207 obtrectationem
2066 2145 2227 2206 domi
2250 2144 2615 2209 manentium

416 2235 446 2287 8
489 2227 767 2290 adversus
799 2228 1124 2302 militantis,
1153 2227 1476 2291 libertatem
1511 2231 1804 2293 difficilem
1837 2231 1907 2292 ad
1939 2228 2319 2305 consensum,
2351 2231 2612 2313 inopiam

484 2396 564 2443 νία
602 2393 700 2443 wie
737 2393 791 2454 3,
837 2392 925 2458 24,
971 2395 1026 2443 9:
1071 2396 1294 2446 tiotom'a
1330 2401 1494 2446 cer-ta

482 2463 653 2511 minis.

553 2518 658 2581 34
699 2529 1337 2598 1—6.ad1·ersustend.‚
1377 2532 1491 2597 s.8‚

486 2596 576 2660 15,
612 2597 659 2647 9.
685 2621 754 2634 -
776 2597 902 2649 illud
930 2600 1080 2650 modo
1113 2617 1178 2649 ne
1203 2602 1251 2664 f.
1281 2601 1364 2650 hat
1401 2616 1494 2649 nur

484 2666 563 2715 dio
599 2663 826 2716 Mainzer
870 2667 984 2728 Hs·
1025 2669 1318 2718 schweriieh
1364 2668 1494 2717 liisst

484 2734 587 2784 sich
623 2734 712 2784 mit
738 2733 941 2786 Gronov
975 2736 1101 2787 illud
1123 2740 1347 2786 ceterum
1371 2751 1490 2785 ver—

481 2801 682 2864 binden,
708 2803 871 2867 wiel,
900 2804 980 2866 29,
1010 2805 1064 2854 3:
1092 2805 1331 2854 ultimum
1354 2803 1495 2868 illud,

481 2871 892 2923 wahrscheinIich
931 2874 1039 2922 sind
1075 2874 1153 2923 die
1180 2872 1365 2922 Worte
1399 2889 1493 2921 un-

482 2939 614 2989 aoht.
642 2942 1005 3007 —iamnuno,
1032 2940 1114 3004 31,
1144 2940 1224 3002 32,
1251 2940 1309 3002 33
1336 2940 1383 2999 3,
1410 2941 1491 3005 40,

483 3006 560 3056 12.
588 3023 889 3076 —propom
917 3026 1029 3071 am,
1068 3024 1109 3059 s.
1138 3008 1219 3071 31,
1246 3009 1324 3073 40,
1357 3010 1398 3057 1.
1423 3035 1494 3046 -—

477 3077 669 3126 mimis
708 3079 829 3139 geht
862 3046 1126 3127 chiast’isch
1160 3076 1251 3125 auf
1283 3078 1492 3145 perien-

479 3142 614 3204 lum3
656 3159 846 3214 corpus
877 3144 970 3194 auf
997 3145 1236 3194 laborem.
1273 3171 1341 3181 ——-
1375 3149 1495 3210 eget

479 3227 526 3260 ιι.
567 3227 744 3272 mora,
788 3214 912 3261 doch
956 3213 1024 3261 ist
1064 3212 1206 3260 dabei
1247 3181 1429 3260 mehr&
1426 3228 1489 3261 an

478 3279 674 3330 obsidt'o
727 3296 790 3329 zu
841 3279 1054 3328 denken.
1101 3305 1164 3315 -
1214 3282 1267 3327 in
1316 3295 1499 3346 opera,-

477 3346 694 3408 chck3
735 3348 917 3397 anders
941 3349 996 3395 in
1021 3348 1252 3395 hemnem.
1276 3373 1346 3383 -—
1371 3352 1490 3397 ton-

477 3419 555 3475 ta,
589 3415 765 3480 Polyb.
802 3416 856 3477 9,
894 3414 981 3463 21:
1019 3409 1116 3478 τὴν
1149 3414 1260 3465 τῶν
1297 3418 1489 3466 Λακε-
1535 3465 1541 3472 ,

477 3467 794 3560 δαιμοιιύν
843 3452 1088 3542 (πόλιν)
1174 3479 1316 3532 ὀκτώ
1397 3484 1489 3533 καὶ

481 3544 882 3615 τετταράκοντα
910 3550 1187 3611 (σταδιων
1221 3548 1366 3618 ἔχειν
1390 3551 1490 3604 τὸν

481 3616 809 3683 περίβολον)
857 3619 967 3668 also
1024 3620 1164 3669 mehr
1217 3621 1294 3669 ais
1355 3621 1484 3670 zwei

479 3684 719 3735 Stunden.
757 3714 823 3722 —
858 3690 1074 3752 mittat„
1111 3703 1168 3738 es
1203 3689 1270 3738 ist
1300 3688 1482 3738 beson-

475 3754 593 3803 ders
635 3768 697 3803 an
732 3754 810 3804 die
845 3756 1138 3806 achfiischen
1175 3756 1382 3807 Stanten
1418 3774 1483 3807 zu

475 3822 690 3872 deuken.
737 3851 806 3861 —-
850 3826 1029 3886 animi,
1081 3824 1310 3889 Neigung
1360 3827 1485 3875 odei·

479 3889 619 3941 Muth
645 3891 725 3941 dic
750 3891 908 3942 Saehe
933 3906 997 3940 zu
1021 3895 1396 3944 unternohmen.
1413 3921 1485 3962 5—

474 3959 736 4022 amelien,
761 3975 802 4010 s.
823 3977 866 4011 cz
889 3958 1041 4022 25,3;
1069 3960 1151 4024 26,
1173 3962 1249 4011 10.
1269 3989 1338 3999 -
1353 3964 1486 4012 satis

473 4042 538 4088 3.,
564 4025 612 4084 3,
637 4027 722 4088 67,
748 4027 795 4078 3.
813 4055 883 4067 —-
903 4045 1001 4095 quo
1018 4057 1089 4067 —
1100 4028 1337 4097 pluribus
1355 4031 1483 4079 ohne

1602 2414 1683 2459 σο,
1722 2396 2176 2460 2,19‚10;vg1.
2204 2395 2294 2456 31,
2321 2395 2409 2459 31,
2441 2395 2521 2444 17.
2546 2422 2613 2430 --

1599 2464 1796 2515 undum
1827 2466 1945 2526 sol„
1984 2466 2071 2514 das
2108 2463 2311 2524 Gabia,
2347 2464 2428 2513 die
2468 2462 2614 2512 Mark

1602 2535 1688 2582 hat
1721 2548 1815 2581 nur
1846 2535 1968 2581 noch
1996 2550 2044 2582 u.
2073 2549 2113 2582 s,
2138 2548 2219 2595 w„
2244 2533 2313 2582 ist
2345 2546 2470 2594 ganz
2495 2546 2614 2580 aus-

1600 2601 2029 2666 gepliinderssvgl.
2043 2601 2124 2665 26,
2136 2600 2217 2661 30,
2235 2600 2312 2649 10.
2321 2600 2610 2666 -kiemps,

1600 2670 1700 2732 vgl.
1739 2686 1779 2718 c.
1807 2668 1888 2732 26,
1922 2669 1969 2718 8.
1995 2697 2063 2708 —·
2088 2685 2231 2736 comp
2236 2673 2360 2728 ort,
2393 2667 2611 2729 absolut,

1600 2737 1701 2797 v.gl
1718 2736 1799 2799 35,
1822 2707 1906 2799 45,
1922 2737 1977 2787 5:
2006 2742 2106 2787 tem
2178 2685 2293 2787 spad
2308 2750 2611 2803 comparan-

1602 2774 1987 2866 dttmlu'zbeant5
2015 2754 2459 2855 docffiannleicht
2475 2818 2613 2853 com-

1601 2877 1829 2922 meatum
1869 2874 1968 2921 und
2016 2874 2095 2923 die
2142 2873 2351 2936 iibrigen
2397 2871 2610 2935 Objecte

1603 2942 1815 3003 erganzt
1840 2942 2060 2991 werden.

1671 3077 1838 3127 7—9.
1873 3080 2077 3143 cuique,
2112 3079 2238 3127 ohne
2274 3078 2613 3140 Beziehungs-

1601 3153 1758 3208 ποι-ι,
1786 3161 1828 3195 S.
1855 3145 1937 3207 24,
1964 3146 2046 3208 45,
2074 3145 2133 3206 4;
2160 3146 2241 3206 21,
2269 3146 2351 3206 58,
2383 3144 2445 3194 10
2467 3161 2517 3195 ιι.
2540 3162 2607 3206 3.,

1600 3215 1668 3262 ist
1703 3215 1805 3264 wol
1830 3213 1921 3263 auf
1943 3214 2261 3280 respicienda
2286 3230 2348 3263 zu
2369 3214 2610 3264 beziehen

1598 3304 1667 3324 =
1699 3299 1831 3347 quae
1864 3286 2043 3346 cuique
2082 3281 2401 3350 respicienda
2442 3287 2606 3338 erant,

1597 3350 1698 3411 vgl.
1728 3351 1758 3399 2
1771 3350 1818 3414 2,
1845 3351 1925 3411 59,
1945 3350 2000 3398 3:
2024 3352 2163 3401 vobis
2181 3382 2228 3389 —-
2245 3350 2583 3401 comm-mdc
2593 3370 2611 3409 ,-

1599 3417 1654 3482 6,
1691 3418 1780 3480 37,
1822 3418 1907 3467 11:
1948 3420 2079 3486 ipsi-s·
2110 3418 2466 3485 perfruenda,·
2506 3418 2607 3468 Cic.

1598 3485 1706 3534 Mil.
1732 3485 1814 3544 38,
1846 3486 1966 3536 104:
1992 3502 2025 3535 a
2048 3489 2189 3536 vobis
2212 3515 2282 3524 -—
2303 3502 2604 3537 conservan-

1597 3553 1721 3603 dum.
1752 3557 1924 3605 virum
1964 3571 2012 3604 u.
2056 3570 2129 3618 a.‚
2171 3555 2400 3618 weniger
2442 3557 2607 3604 wahr-

1597 3622 1866 3672 scheinlich
1893 3624 1974 3683 ist,
2002 3623 2119 3672 dass
2144 3639 2201 3672 es
2224 3623 2314 3672 mit
2331 3623 2610 3673 domestica

1593 3697 1724 3739 etwa
1750 3690 1845 3739 wie
1870 3692 1961 3740 mit
1989 3707 2119 3741 suns
2143 3708 2207 3740 zu
2229 3691 2507 3741 verbinden
2534 3691 2609 3741 sci

1590 3780 1660 3800 =
1681 3758 1753 3808 ad
1772 3774 1871 3808 sua
1891 3763 2071 3825 cuique
2092 3759 2233 3809 mala
2262 3759 2600 3825 respicienda„

1590 3828 1873 3891 segniffmn
1895 3835 2022 3888 εἴα,
2056 3828 2138 3876 ein
2162 3832 2334 3877 trenes
2373 3828 2483 3876 Bitd
2514 3829 2605 3876 des

1592 3895 1868 3959 damaligen
1912 3894 2323 3945 GriechenlandS.
2350 3895 2605 3945 —-1iber-

1593 3967 1702 4025 tat„
1730 3963 1811 4012 die
1838 3963 2271 4028 republiknnisehe
2287 3961 2607 4026 Verfassung

1592 4030 1843 4091 bewirke,
1879 4032 1997 4081 dass
2025 4058 2095 4070 -
2117 4031 2389 4094 schwierig
2419 4032 2513 4081 sei.
2538 4057 2607 4074 --
