2861 4550
1069 325 1262 379 LIBER
1287 324 1532 377 XXXIV.
1596 323 1735 375 CAP.
1767 324 1845 375 12.
1874 324 1955 374 13.
2307 348 2348 377 a.
2366 334 2448 378 ch.
2466 336 2570 380 559.

446 328 572 391 280

373 500 406 550 6
448 482 612 563 poris
635 499 703 541 ac
724 479 965 561 periculi
985 480 1173 559 magis
1198 498 1372 559 quam
1396 480 1486 540 sui
1510 479 1795 540 rationem
1818 478 2051 540 habere.
2098 474 2428 559 denuntiari
2446 477 2568 536 mi·

447 567 616 628 litum
646 565 796 645 parti
817 565 1027 626 tertiae
1056 584 1124 627 ex
1158 564 1438 627 omnibus
1468 563 1807 626 cohortibus
1836 563 2022 636 iubet,
2049 571 2118 626 ut
2146 562 2358 636 cibum,
2389 580 2570 642 quem

449 653 510 712 in
537 669 712 713 naves
754 650 1088 731 imponant,
1126 657 1351 717 mature
1393 657 1673 729 coquant,
1710 666 2003 726 navesque
2046 649 2109 711 in
2139 647 2293 712 diem
2331 647 2569 708 tertium

377 753 405 800 7
448 736 705 816 expediri
728 734 917 796 iussit.
965 736 1114 796 duos
1144 754 1215 797 ex
1235 735 1439 813 legatis
1462 733 1717 812 Bilistagi
1748 741 1921 813 atque
1941 732 2278 815 Ilergetibus
2298 731 2575 795 nuntiare

449 841 514 882 ea
542 821 728 894 iubet,
760 821 942 881 filium
973 821 1156 898 reguli
1178 821 1424 881 comiter
1447 819 1717 881 hahendo
1747 828 1803 879 et
1826 818 2168 881 muneribus
2190 817 2347 898 apud
2379 836 2574 878 sere-

377 915 407 964 8
451 906 612 969 tinet.
660 905 829 984 legati
857 923 982 967 non
1011 911 1144 966 ante
1173 906 1452 985 profecti,
1491 923 1663 984 quam
1694 903 2009 982 impositos
2046 905 2107 965 in
2151 921 2327 965 naves
2355 901 2572 965 milites

450 991 746 1055 viderunt:
778 990 835 1050 id
867 1008 976 1069 pro
1007 991 1163 1051 haud
1196 990 1375 1051 dubio
1401 989 1522 1050 ‘iam
1552 989 1887 1053 nuntiantes
1916 1006 2042 1053 non
2070 1006 2214 1050 suos
2244 987 2426 1050 modo
2458 987 2570 1048 sed

449 1076 623 1137 etiam
654 1075 846 1137 hostis
877 1076 1028 1136 fama
1058 1075 1307 1136 Romani
1338 1074 1533 1137 auxilii
1563 1073 1923 1137 adventantis
1953 1073 2364 1153 impleverunt.

345 1149 425 1212 13
619 1159 854 1227 Consul,
883 1159 984 1220 ubi
1015 1159 1154 1221 satis
1177 1160 1339 1239 quod
1368 1160 1428 1222 in
1454 1160 1708 1238 speciem
1738 1160 1847 1221 fuit
1870 1166 2223 1221 ostentatum
2254 1167 2364 1230 est,
2393 1175 2567 1218 revo-

376 1255 405 1305 2
450 1245 567 1306 cari
597 1264 665 1304 ex
689 1244 931 1305 navibus
955 1244 1163 1305 milites
1181 1245 1366 1318 iuhet3
1394 1245 1540 1323 ipse,
1571 1264 1702 1306 cum
1732 1244 1849 1306 iam
1878 1244 1936 1305 id
1960 1253 2192 1324 tempus
2223 1243 2362 1305 anni
2385 1261 2568 1322 appe-

448 1338 611 1400 teret,
643 1348 759 1407 quo
792 1329 921 1406 geri·
939 1347 1034 1389 res
1062 1338 1329 1410 possent,
1362 1339 1547 1391 castra
1582 1329 1873 1407 [hiberna]
1905 1330 1977 1392 Hi
2005 1346 2289 1409 passuum
2318 1327 2393 1390 ah
2421 1327 2568 1389 Em-

449 1414 633 1492 poriis
666 1414 882 1492 posuit.
930 1413 1063 1474 inde
1090 1434 1197 1494 per
1228 1414 1589 1487 occasiones,
1614 1433 1772 1476 nunc
1792 1416 1905 1476 hac
1931 1426 2096 1496 parte
2123 1431 2283 1477 nune
2310 1412 2403 1475 illa
2431 1432 2568 1474 mo-

449 1498 580 1563 dico
610 1498 903 1579 praesidio
934 1500 1141 1563 castris
1170 1500 1373 1562 relicto
1396 1500 1733 1579 praedatum
1768 1500 1983 1562 milites
2012 1500 2075 1560 in
2103 1499 2365 1560 hostium
2396 1517 2570 1577 agros

376 1593 407 1643 3
451 1584 708 1645 ducebat.
757 1593 930 1645 nocte
960 1586 1142 1646 ferme
1172 1585 1719 1665 proficiscebantur,
1760 1593 1827 1647 ut
1864 1594 1923 1651 et
1961 1603 2135 1665 quam
2164 1583 2505 1662 longissime
2534 1603 2570 1644 a

449 1670 653 1733 castris
692 1669 1080 1748 procederent
1118 1679 1176 1732 et
1203 1671 1565 1750 inopinantis
1608 1671 2028 1751 opprimerent.
2072 1678 2130 1731 et
2158 1667 2462 1731 exercebat
2499 1687 2591 1729 ea.

402 1787 406 1793 ·
446 1772 539 1814 res
578 1772 766 1815 novos
809 1754 1049 1826 milites,
1091 1763 1148 1815 et
1184 1756 1446 1817 hostium
1486 1773 1697 1834 magna
1734 1755 1822 1816 vis
1868 1755 2286 1835 excipiebatur3
2314 1773 2424 1815 nec
2450 1754 2570 1814 iam

374 1849 407 1899 4
447 1840 641 1918 egredi
670 1848 830 1903 extra
858 1839 1222 1902 munimenta
1253 1841 1621 1902 castellorum
1645 1840 1954 1903 audebant.
1997 1840 2097 1903 ubi
2128 1839 2326 1918 [satis]
2358 1839 2571 1901 admo-

448 1924 590 1989 dum
620 1933 677 1990 et
704 1943 951 1989 suorum
982 1932 1040 1988 et
1061 1926 1321 1990 hostium
1345 1925 1576 1989 animos
1608 1934 1700 1989 est
1721 1935 2012 2007 expertuS,
2040 1923 2351 1989 convocari
2368 1923 2571 1987 *trihu-

441 2147 752 2212 'sanguinem
775 2144 1106 2196 commodent.
1132 2171 1203 2180 —-
1224 2143 1489 2219 denunt,
1558 2144 1941 2205 versehrieben,
1994 2144 2123 2194 denn
2171 2160 2227 2194 es
2277 2143 2410 2195 liisst
2464 2145 2571 2195 sich

445 2214 533 2262 das
558 2215 701 2262 barte
740 2211 1036 2279 Asyndeton
1072 2212 1170 2262 soll
1197 2212 1335 2263 viell.
1372 2212 1452 2262 die

445 2280 781 2346 rascheFolge
793 2281 1454 2343 bezeichnen‚sonstk6nnte

443 2363 556 2398 man
577 2349 695 2399 inde
717 2351 842 2399 nach
866 2350 1160 2401 denuntiari
1179 2357 1451 2401 erwarten.

443 2420 707 2467 —omm’b.
728 2417 853 2482 coli„
872 2417 1099 2484 Frontin.
1118 2418 1164 2483 4,
1179 2418 1225 2481 7,
1239 2417 1327 2467 31:
1352 2422 1455 2469 ter-

444 2486 571 2533 tiam
597 2489 802 2551 partem
832 2485 1052 2536 militum
1064 2503 1081 2548 ;
1121 2487 1245 2538 auch
1282 2486 1359 2536 hei
1393 2485 1452 2536 L.

443 2551 514 2600 ist
536 2565 712 2615 wegen
739 2555 970 2604 omnibus
994 2554 1095 2603 wol
1117 2556 1240 2604 auch
1265 2569 1326 2604 an
1362 2557 1450 2605 rii-

442 2618 628 2668 mische
661 2619 911 2671 Cohorten
949 2638 1013 2671 zu
1054 2622 1271 2685 denken,
1314 2622 1453 2673 nicht

440 2687 590 2737 ullein
619 2687 697 2739 die
724 2690 815 2739 der
837 2690 1309 2754 Bundesgenossen,
1337 2706 1377 2740 S.
1404 2706 1447 2740 c.

445 2754 522 2817 14,
552 2756 607 2816 13
644 2756 727 2821 28,
756 2758 813 2818 73
850 2757 931 2821 32,
957 2758 1039 2822 24,
1065 2758 1094 2808 3
1121 2774 1170 2807 u.
1196 2774 1242 2808 a.
1269 2785 1339 2795 --
1364 2774 1450 2808 oo-

438 2829 611 2888 quant,
633 2824 714 2889 21,
734 2826 818 2890 49,
844 2824 902 2887 83
929 2825 1012 2889 29,
1034 2826 1116 2889 25,
1135 2826 1194 2887 63
1221 2825 1450 2876 Frontin.

438 2891 471 2940 l.
499 2892 557 2941 l.:
584 2894 781 2943 cibaria
795 2910 1002 2962 parare.
1022 2921 1092 2931 —
1107 2896 1264 2944 iussit
1279 2922 1346 2930 —-
1363 2896 1449 2945 iu-

439 2961 547 3020 bet,
591 2976 633 3011 S.
667 2960 757 3025 33,
803 2960 894 3026 36,
929 2963 986 3023 93
1028 2963 1155 3011 iiber
1185 2962 1275 3016 das
1308 2963 1446 3012 drei-

436 3028 617 3091 malige
641 3032 814 3081 iubere
839 3029 921 3093 31,
949 3029 1033 3095 11,
1062 3029 1238 3092 7-9;
1269 3030 1334 3082 ib.
1360 3030 1445 3095 43,

437 3094 495 3157 23
533 3094 625 3160 32,
663 3097 749 3158 19,
797 3098 843 3147 1.
881 3125 950 3134 —
993 3101 1208 3150 comiter
1248 3097 1361 3149 hab.
1398 3103 1452 3149 et

435 3178 575 3214 vnun.
602 3165 699 3214 wie
726 3163 759 3229 ξ
783 3164 832 3227 4,
858 3165 957 3227 vgl.
987 3165 1007 3213 1
1030 3203 1043 3228 ,
1074 3166 1161 3229 15,
1187 3167 1245 3226 43
1275 3166 1446 3216 beides

434 3231 625 3294 Mittel‚
676 3233 798 3281 oder
837 3233 928 3281 das
967 3231 1178 3282 Erstere
1228 3232 1307 3283 die
1350 3233 1450 3284 Art

435 3300 535 3350 und
562 3298 757 3348 Weise.
786 3326 854 3335 —
877 3303 997 3349 ante
1019 3327 1087 3335 --
1112 3315 1288 3366 quam,
1321 3317 1361 3350 s.
1401 3318 1444 3351 c.

435 3366 483 3427 8,
497 3366 545 3415 2.
571 3365 675 3415 Zur
688 3366 846 3415 Sache
866 3367 968 3429 vgl.
982 3366 1175 3417 ChariS.
1194 3364 1444 3433 H=p.222:

435 3432 506 3483 M.
546 3431 670 3482 Cato
699 3432 901 3485 dierum
932 3434 1051 3485 dict.
1086 3435 1149 3486 de
1178 3436 1447 3488 consulatu

435 3515 532 3551 suo
567 3523 634 3535 —
674 3503 748 3550 ita
771 3501 982 3553 deiecerit
1014 3504 1247 3570 „interea
1266 3504 1338 3555 ad
1356 3520 1447 3555 so-

436 3570 540 3618 cios
588 3571 798 3619 nostros
841 3571 1016 3624 sedulo
1069 3572 1445 3641 dispertieram‚

434 3635 535 3686 alio
552 3636 896 3702 frumentum,
916 3640 1018 3690 alio
1037 3640 1251 3707 legatos,
1269 3639 1368 3693 alio
1387 3642 1447 3692 li-

433 3708 575 3756 teras
601 3704 700 3756 alio
708 3708 1025 3771 praesidium
1041 3710 1450 3777 usquequaque.“

502 3742 604 3824 18'.
654 3772 821 3824 1—3.
865 3779 918 3825 in
941 3792 1102 3845 spec„
1131 3778 1273 3829 Caes.
1302 3779 1355 3829 B.
1383 3777 1445 3830 G'.

435 3842 478 3906 1,
505 3841 601 3892 51:
632 3842 705 3893 ad
725 3846 972 3912 speciem,·
997 3846 1054 3895 B.
1077 3844 1132 3895 C.
1157 3846 1206 3910 2,
1234 3846 1327 3909 353
1358 3847 1445 3897 41.

429 3936 499 3946 —
524 3912 639 3961 tria
659 3911 781 3975 mil„
808 3929 848 3963 s.
874 3912 952 3975 11,
984 3913 1029 3964 1.
1053 3940 1120 3949 -—
1145 3915 1355 3965 hiberna
1377 3916 1447 3965 ist

431 3979 839 4036 wahrscheinlich
894 3982 975 4037 ein
1031 3980 1263 4038 Glossem
1322 3984 1446 4038 oder

1560 2213 1698 2263 nicht
1720 2219 2000 2275 emat-ten,
2034 2213 2152 2262 dass
2179 2211 2300 2262 Cato
2318 2212 2424 2264 ‘den
2444 2228 2569 2277 gan-

1559 2297 1653 2332 zen
1683 2281 1909 2331 Sommer
1944 2281 2177 2344 authitig
2205 2296 2440 2345 gewesen
2475 2284 2568 2345 sei,

1561 2365 1602 2402 s.
1628 2366 1670 2399 c.
1697 2349 1754 2411 9,
1792 2348 1879 2413 12,
1915 2356 2047 2400 etwa
2077 2349 2171 2399 der
2192 2349 2338 2402 Hitze
2369 2365 2561 2415 wegen,

1560 2418 1750 2468 welche
1798 2417 1878 2467 die
1920 2415 2184 2483 Scipionen
2230 2418 2332 2468 und
2374 2419 2562 2468 andere

1558 2485 1837 2535 Feldherrn
1870 2485 2006 2534 alter
2037 2486 2137 2535 und
2168 2495 2324 2535 neuer
2356 2484 2474 2538 Zeit
2513 2485 2562 2536 in

1555 2554 1697 2603 ihren
1723 2552 2191 2618 Unternehmungen
2223 2553 2359 2604 nicht
2387 2554 2563 2617 gehin-

1558 2623 1673 2672 dert
1695 2622 1804 2685 hat,
1837 2620 2011 2672 ferner
2041 2622 2215 2672 deutet
2236 2637 2357 2672 cum
2376 2648 2447 2659 -—
2467 2637 2562 2690 ap-

1554 2694 1758 2759 peteret
1778 2690 1899 2740 eher
1921 2688 2010 2739 auf
2032 2689 2117 2738 ein,
2138 2689 2438 2744 Ausriicken
2468 2705 2562 2740 aus

1557 2758 1668 2807 dem
1701 2756 2074 2821 Winterlager,
2114 2758 2215 2810 und
2245 2757 2306 2808 L.
2340 2758 2564 2822 braucht,

1557 2826 1703 2875 einen
1737 2824 2050 2876 hesouderen
2072 2824 2211 2889 Ball,
2244 2825 2336 2889 29,
2369 2825 2463 2889 35,
2500 2826 2562 2876 13

1555 2907 1964 2958 ausgenommen,
2002 2907 2100 2944 nur
2144 2894 2385 2957 bibma,
2427 2894 2566 2944 nicht

1554 2965 1729 3012 castra
1749 2961 1974 3024 hiberna,
1996 2961 2098 3023 vgl.
2118 2959 2169 3025 ¹3,
2188 2961 2305 3024 2,1.
2349 2962 2478 3014 Dass
2501 2961 2562 3011 L.

1556 3029 1716 3080 selbst
1755 3028 1892 3079 nicht
1931 3044 1995 3079 an
2037 3029 2126 3079 das
2168 3030 2417 3080 Beziehen
2462 3045 2560 3081 von

1554 3098 1716 3150 einem
1767 3095 2118 3161 Winterlager
2170 3098 2382 3162 gedacht
2436 3098 2561 3157 habe

1555 3166 1695 3229 zeigt
1715 3166 1804 3223 das
1831 3164 1953 3228 rolg.
1984 3164 2295 3232 praedatum
2327 3173 2427 3216 etc.
2461 3166 2563 3215 und

1555 3250 1598 3284 c.
1633 3233 1716 3298 16,
1752 3232 1782 3282 3
1815 3232 1888 3283 ad
1910 3232 2269 3300 praedandum
2299 3235 2354 3285 in
2385 3248 2564 3299 agros.

1553 3329 1622 3340 —
1648 3305 1817 3366 nocte,
1854 3308 1998 3351 sonst
2027 3302 2231 3364 werden
2264 3301 2561 3352 Nachtmiir-

1556 3370 1673 3420 sche
1699 3370 1972 3434 gemieden.
1992 3396 2062 3406 —
2076 3372 2282 3439 inopia„
2303 3385 2349 3420 s.
2371 3369 2454 3432 31,
2477 3370 2562 3433 25,

1555 3436 1612 3498 23
1649 3436 1732 3501 21,
1758 3437 1841 3499 52,
1871 3437 1928 3486 11
1963 3437 2127 3488 heisst
2159 3453 2214 3487 es
2247 3441 2559 3507 inopinatus.

1551 3521 1730 3570 novos,
1775 3506 1880 3565 die,
1924 3506 2114 3555 welche
2150 3506 2200 3556 in
2240 3507 2353 3556 dem
2394 3506 2559 3557 Heere

1546 3572 1684 3637 jetzt
1708 3589 1820 3624 zum
1845 3574 2146 3632 ersteumale
2171 3573 2392 3626 dienten.
2409 3605 2457 3613 -
2473 3589 2560 3625 ca-

1553 3641 1716 3704 stella,
1743 3658 1785 3692 c.
1812 3641 1889 3708 11,
1909 3640 1955 3692 2.
2187 3667 2191 3676 ν

1620 3710 1724 3759 4-
1739 3709 1787 3759 6.
1838 3710 2001 3773 [satis]
2044 3709 2244 3761 admod.
2272 3709 2430 3761 findet
2453 3711 2559 3761 sich

1553 3785 1694 3828 sonst
1727 3777 1864 3829 nicht·
1905 3778 2085 3843 leicht‚
2127 3777 2392 3830 iiherdiess
2433 3778 2561 3830 fehlt

1551 3848 1686 3896 satis·
1708 3846 1759 3895 iu
1785 3847 1878 3896 der
1901 3846 2066 3897 Bamb.
2094 3845 2214 3897 Hds.
2239 3847 2341 3896 und
2364 3848 2435 3897 ist
2456 3846 2560 3897 wol

1550 3930 1645 3963 nur
1673 3913 1903 3966 Glossem
1927 3930 2027 3964 von
2060 3913 2366 3966 admodum.-
2397 3915 2559 3978 genii-

1550 3983 1694 4047 gend,
1722 3983 1875 4036 sehon
1901 3982 2146 4043 ziemlich,
2172 3998 2215 4032 s.
2245 3982 2288 4046 1,
2314 3981 2399 4044 10,
2423 3982 2483 4045 13
2507 3982 2556 4045 6,
