2861 4550
308 389 348 417 a.
371 375 452 417 ch.
475 375 567 415 198.

934 359 1130 412 LIBER
1164 359 1385 413 xxxn.
1445 359 1582 410 CAP.
1614 360 1692 413 17.
1723 359 1801 411 18.

2303 364 2423 425 127

308 512 469 587 sent,
509 513 664 575 velut
702 514 763 575 in
803 521 1197 576 constructam
1239 514 1524 578 densitate
1561 512 1877 592 clipeorum
1917 515 2268 577 testudinem
2299 516 2423 578 Ro-

305 599 469 661 mani
512 599 646 678 pilis
685 598 1036 680 nequiquam
1076 600 1311 662 emissis
1352 617 1489 661 cum
1527 598 1899 660 strinxissent
1935 601 2186 680 gladioS,
2234 619 2423 681 neque
2470 610 2531 660 14

306 684 588 763 congredi
623 686 869 765 propius
911 703 1102 765 neque
1141 685 1473 765 praecidere
1500 685 1699 745 hastas
1730 691 2024 763 poterant,
2063 694 2136 760 et,
2167 687 2216 747 si
2248 705 2424 767 quarn

306 769 650 832 incidissent
683 779 781 832 aut
808 770 1286 850 praefregissent,
1327 770 1531 831 hastile
1560 771 1883 849 fragmento
1914 771 2044 848 ipso
2075 780 2243 833 acuto
2275 772 2427 833 inter

307 855 528 935 spicula
579 856 940 935 integrarum
978 857 1277 918 hastarum
1317 856 1470 917 velut
1506 855 1714 918 vallum
1754 854 2035 935 explebat.
2106 858 2178 919 ad
2216 858 2331 918 hoc
2370 864 2426 917 et
2470 866 2529 915 15

305 941 463 1001 muri
500 959 638 1020 pars
680 941 870 1003 adbuc
906 942 1125 1021 integra
1166 952 1412 1020 utraque
1454 947 1576 1002 tuta
1613 941 1946 1019 praestabat
1972 940 2177 1014 latera,
2217 960 2326 1003 nec
2354 961 2424 1003 ex

303 1027 483 1105 longo
515 1027 705 1106 spatio
734 1034 835 1089 aut
865 1027 1186 1088 cedendum
1219 1033 1318 1087 aut
1346 1026 1601 1105 impetus
1633 1026 1932 1087 faciendus
1971 1034 2117 1100 erat,
2145 1045 2293 1106 quae
2326 1045 2422 1089 res

304 1112 543 1174 turbare
577 1112 1008 1175 ordines'solet.
1069 1111 1311 1174 accessit
1337 1111 1511 1174 etiam
1542 1111 1779 1172 fortuita
1814 1129 1909 1172 res
1947 1113 2018 1174 ad
2058 1112 2286 1174 animos
2316 1131 2421 1173 eo-
2469 1120 2531 1171 16

303 1214 439 1258 rum
468 1197 819 1260 firmandos:
851 1216 989 1261 nam
1021 1216 1154 1258 cum
1184 1195 1364 1259 turris
1394 1216 1504 1277 per
1535 1214 1805 1275 aggerem
1834 1216 2047 1276 parum
2070 1197 2292 1259 densati
2315 1198 2425 1260 soli

305 1290 590 1360 ageretur,
621 1292 749 1345 rota
783 1301 894 1344 una
925 1284 987 1344 in
1016 1282 1279 1344 altiorem
1312 1282 1563 1343 orbitam
1599 1281 1876 1361 depressa
1904 1283 1983 1344 ita
2015 1284 2223 1344 turrim
2256 1283 2424 1344 incli-

305 1368 489 1440 navit,
540 1376 609 1430 ut
657 1369 913 1447 speciem
952 1368 1176 1430 ruentis
1216 1367 1489 1429 hostibus
1533 1368 2120 1448 [trepidationemque
2159 1369 2424 1430 insanam

312 1453 783 1532 superstantibus
819 1453 1082 1531 armatis]
1118 1453 1466 1533 praebuerit.

476 1537 621 1602 Cum
666 1558 875 1618 parum
927 1539 1235 1619 quicquam
1281 1539 1646 1611 succederet,
1697 1538 1906 1599 consul
1953 1538 2191 1599 minime
2236 1556 2421 1617 aequo
2450 1537 2532 1597 18

305 1622 503 1685 animo
533 1624 1026 1703 comparationem
1057 1624 1306 1688 militum
1329 1624 1557 1702 generis
1580 1641 2000 1703 armorumque
2021 1623 2144 1684 fieri
2167 1623 2425 1702 patieba-

308 1717 430 1781 tur,
471 1709 646 1770 simul
683 1727 793 1771 nec
829 1718 1118 1772 maturam
1160 1709 1533 1789 expugnandi
1565 1727 1736 1787 spem
1764 1727 1872 1769 nec
1899 1708 2186 1769 rationem
2219 1709 2426 1786 procul
2466 1714 2497 1765 2

306 1814 340 1855 a
369 1795 518 1856 mari
544 1803 605 1856 et
633 1795 694 1855 in
722 1796 995 1856 evastatis
1023 1795 1154 1856 belli
1187 1794 1445 1856 cladibus
1474 1793 1619 1855 locis
1650 1793 1994 1855 hibernandi
2020 1793 2196 1854 ullam
2222 1810 2426 1854 eerne-

304 1879 422 1941 bat.
480 1880 675 1960 itaque
701 1881 895 1943 relicta
920 1880 1247 1954 obsidione,
1274 1880 1409 1960 ,quia
1433 1879 1625 1941 nullus
1650 1879 1714 1942 in
1734 1886 1855 1940 tota
1879 1879 2236 1941 Acarnaniae
2255 1885 2427 1957 atque
2468 1882 2499 1933 3

306 2115 519 2184 ρισσῶν
534 2112 781 2188 μέγεθός
797 2116 914 2170 ἔστι
931 2113 1069 2169 κατὰ
1087 2116 1194 2188 μὲν
1214 2114 1313 2183 τὴν

305 2185 364 2244 ἐξ
426 2182 602 2258 ἀρχῆς
632 2245 635 2248 Α
664 2182 948 2238 ὑπόθεσιν
1020 2185 1312 2238 ἑκκαίδεκα

304 2257 526 2322 πηχῶν,
563 2250 699 2307 κατὰ
725 2252 787 2307 δὲ
809 2252 908 2320 τὴν
933 2251 1190 2327 ἁρμογὴν
1214 2249 1313 2321 τὴν

306 2318 1318 2461 ῗοῖῗῖαἷῖ’ἑῗίἶῗξᾞὲσῖῗέἔὲἒῗὲἷωῖἐ

307 2455 369 2511 τὸ
394 2457 600 2531 μεταξὺ
634 2464 759 2511 ταῖν
785 2463 986 2527 χεροῖν
1028 2411 1311 2528 διάστηῖια

307 2531 401 2580 καὶ
424 2524 487 2580 τὸ
512 2523 753 2580 κατόπιν
787 2523 1019 2597 σήκωμα
1051 2529 1147 2593 τῆς
1171 2545 1313 2599 προ-

306 2597 484 2664 βολῆς.
520 2626 590 2635 -
623 2597 805 2647 den-sit.
850 2596 993 2663 clip„
1037 2597 1191 2647 durch
1226 2599 1314 2651 das

306 2665 847 2728 Aneinanderdriingen
859 2664 1095 2728 gebildet‚
1116 2664 1316 2714 starker

306 2734 385 2784 uls
409 2734 586 2785 densis
610 2734 745 2802 clip.²
779 2733 922 2782 Diod.
954 2733 1040 2796 17,
1075 2733 1164 2783 58:
1203 2729 1316 2801 φά-

307 2803 512 2870 λαγγος
543 2795 1007 2865 συνασπιζούσης.
1031 2828 1102 2838 --
1126 2802 1312 2852 testud.

308 2872 417 2921 bier
440 2872 537 2921 wie
567 2871 652 2934 10,
680 2868 862 2934 29,12
888 2869 989 2933 vgl.
1018 2868 1108 2930 31,
1135 2870 1227 2931 40,
1253 2869 1314 2932 33

308 2937 400 3003 34,
426 2938 515 3002 39,
542 2938 590 2988 6.
616 2964 686 2976 -—-
707 2942 758 2990 si
777 2938 955 3004 quam,
994 2938 1232 2989 collectiv
1265 2938 1313 2986 in

308 3007 476 3070 Bezug
497 3006 588 3057 auf
599 3008 679 3058 die
703 3007 965 3057 einzelnen
986 3005 1161 3067 Fiille;
1188 3005 1313 3056 eben

307 3091 363 3125 so
385 3077 600 3126 nacbher
616 3074 816 3126 hastile.
841 3104 906 3112 —
931 3073 1083 3135 velut,
1109 3075 1210 3136 vgl.
1233 3072 1313 3135 31,

308 3142 396 3208 23,
421 3144 480 3204 9;
517 3142 611 3206 24,
635 3143 691 3207 2,
729 3143 784 3207 8,
819 3144 1000 3207 gehiirt
1024 3158 1088 3192 zu
1112 3142 1314 3207 vallum,

305 3212 409 3274 vgl.
434 3211 482 3273 8,
507 3212 554 3275 8,
582 3211 668 3261 10:
695 3212 835 3263 haud
849 3227 995 3262 secus
1016 3226 1167 3276 quam
1186 3209 1314 3260 ralla

309 3282 490 3345 saepta
523 3281 823 3331 inhorrebat
859 3282 1019 3342 aeter,
1072 3279 1211 3328 Curt.
1265 3278 1313 3341 4,

309 3344 372 3394 57
388 3381 401 3407 ,
430 3344 515 3394 15:
546 3346 673 3397 vallo
695 3347 875 3398 sintita&
896 3350 1033 3398 acies
1059 3346 1312 3410 (Macedo-

307 3412 451 3473 num)
479 3417 607 3462 erat.

380 3479 614 3531 15—17.
662 3484 830 3547 utroq.
859 3486 894 3533 t.
924 3483 980 3546 9,
1024 3482 1111 3544 12,
1139 3483 1196 3544 23
1233 3483 1313 3533 die

307 3548 495 3601 Worte
520 3548 590 3599 ad
615 3549 709 3599 Ιιοο
731 3577 796 3586 -
818 3554 1115 3618 praestabat
1146 3549 1311 3600 fehlen

310 3618 358 3670 in
397 3618 490 3668 der
529 3618 707 3668 besten
740 3617 860 3668 Hds,
895 3619 992 3668 und
1029 3619 1139 3668 sind
1174 3615 1314 3667 viell.

307 3701 397 3737 aus
440 3685 473 3752 ξ
514 3685 598 3747 12,
644 3700 721 3736 wo
766 3687 857 3736 der
890 3683 1128 3735 Gedunkc
1163 3686 1312 3733 sehon

307 3754 705 3822 ausgesprocben
751 3754 844 3816 ist,
888 3753 1112 3816 ergiinzt.
1147 3779 1215 3788 --
1249 3768 1317 3802 ex

307 3824 458 3890 longo
500 3841 596 3893 sp„
640 3838 736 3873 von
783 3822 945 3872 einem
988 3819 1183 3871 Punkte
1224 3832 1314 3869 aus

309 3893 431 3941 nach
472 3892 630 3941 einem
674 3889 964 3942 entfernten
1008 3887 1314 3939 vor-riick-

308 3960 466 4009 wssrts
485 3961 587 4009 sich
599 3959 858 4024 bewegen.
878 3987 948 3997 —
965 3973 1096 4025 quae
1106 3971 1190 4007 res
1200 3963 1314 4023 ete.,

309 4026 411 4091 νεὶ.
425 4025 505 4089 33,
527 4027 574 4091 9,
590 4028 670 4079 10.
681 4056 749 4066 --
759 4028 969 4079 ordines
982 4044 1030 4078 n.
1038 4026 1316 4095 phalangis

1419 2134 1712 2186 —parum
1753 2118 1894 2169 dens.
1946 2117 2081 2168 nicht
2121 2116 2223 2168 fest
2264 2130 2428 2179 genug

1419 2186 1704 2252 gestampft.
1737 2216 1801 2223 —
1838 2189 1958 2236 rota
1982 2202 2059 2248 u.,
2093 2200 2134 2235 s.
2161 2183 2342 2247 Veget.
2377 2184 2426 2246 4,

1426 2255 1511 2304 17:
1535 2256 1766 2306 turribus
1781 2254 1958 2325 plures
1976 2258 2123 2306 rotae
2138 2253 2429 2304 mechanica

1419 2328 1536 2373 arte
1556 2323 1871 2386 subduntur,
1904 2338 2121 2390 quorum
2144 2322 2290 2392 lapsu
2313 2337 2428 2372 mo·-

1422 2391 1511 2441 bili
1537 2392 1842 2456 magnitudo
1881 2396 1987 2441 tam
2017 2392 2125 2441 alta
2146 2394 2426 2442 moveatur.

1420 2486 1489 2495 -—
1521 2459 1717 2523 altior„
1762 2460 1911 2511 tiefer
1943 2459 2296 2524 eingedriickt;
2342 2458 2431 2509 de-

1417 2543 1602 2594 pressa
1631 2526 1869 2590 gesenkt‚
1906 2544 1946 2579 s,
1981 2528 2121 2579 Curt.
2158 2528 2214 2592 4,
2249 2527 2335 2591 26,
2373 2526 2427 2576 9:

1421 2597 1609 2647 humus
1639 2596 1899 2646 desidente
1930 2597 2107 2647 sabulo
2140 2595 2428 2661 agilitatem

1420 2668 1657 2716 rotarum
1674 2667 1976 2715 morabatur
1999 2669 2048 2714 et
2068 2664 2297 2714 tabulata
2321 2667 2429 2713 tm·-

1421 2736 1560 2783 rimn
1598 2735 1964 2800 perfringebat
2001 2739 2098 2781 etc.
2133 2759 2199 2768 —
2244 2730 2426 2798 trepid.

1421 2829 1492 2839 --
1518 2802 1820 2869 praebuerit
1857 2801 2032 2850 stehen
2079 2799 2214 2848 nicht
2255 2799 2304 2847 in
2339 2798 2429 2847 der

1423 2870 1600 2920 besten
1627 2869 1771 2928 Hds.,
1800 2869 1880 2917 die
1906 2867 2051 2916 dal'iir
2075 2868 2219 2916 einen
2256 2865 2428 2916 leeren

1422 2936 1577 2986 Raum
1614 2938 1724 2995 bat3
1762 2933 2170 2984 wabrscbeinlieh
2207 2934 2314 2983 sind
2354 2934 2429 2983 sie

1422 3006 1628 3069 spatere
1652 3003 1984 3067 Ergiinzung;
2020 3002 2328 3064 wenigstens
2362 3002 2431 3051 ist

1422 3089 1487 3121 zu
1514 3070 1825 3130 bezweil'eln,
1849 3070 1966 3119 dass
1985 3069 2042 3118 L.
2067 3072 2303 3119 insanam
2328 3073 2430 3120 tre-

1417 3139 1737 3207 pidationem
1758 3138 2085 3202 gescbrieben
2111 3137 2251 3188 habe.
2444 3194 2453 3204 .

1494 3197 1597 3258 18.
1648 3206 1690 3257 1.
1748 3209 2035 3272 quicquam,
2075 3207 2195 3256 weil
2238 3222 2429 3274 parum

1421 3276 1519 3326 wie
1546 3291 1666 3329 raro
1690 3291 1731 3325 s,
1760 3275 1849 3338 21,
1874 3273 1963 3336 59,
1992 3274 2045 3337 7,
2080 3275 2183 3325 sich
2211 3275 2301 3324 der
2325 3273 2426 3324 Ne-

1422 3345 1592 3408 gation
1614 3345 1808 3394 niibert.
1827 3372 1893 3379 —
1915 3343 2187 3405 suecedet„
2214 3342 2428 3407 absolut,

1423 3430 1465 3462 s.
1491 3412 1582 3476 24,
1622 3412 1706 3477 19,
1745 3411 1804 3472 ὃς
1833 3411 1924 3476 42,
1957 3409 2046 3472 58,
2084 3411 2134 3460 1:
2167 3413 2428 3479 inceptum

1420 3498 1524 3532 non
1555 3480 1876 3543 succedebat,
1912 3479 2014 3544 vgl.
2051 3479 2106 3542 2,
2149 3480 2240 3541 45,
2276 3480 2324 3528 5.
2360 3506 2429 3516 ——

1420 3548 1528 3599 mil.
1545 3552 1756 3614 genem»-
1779 3563 1908 3599 arm.
1923 3563 1942 3606 ;
1960 3549 2171 3613 genm‘s
2196 3564 2259 3596 zu
2280 3547 2426 3597 milit.

1422 3618 1646 3679 bezogen
1671 3617 1964 3666 bezeichnet
1997 3616 2077 3665 die
2100 3615 2347 3678 Phalanx,
2384 3631 2426 3664 s,

1425 3685 1483 3747 9,
1514 3684 1599 3747 19,
1629 3684 1681 3733 1:
1713 3683 1795 3734 vel
1812 3684 2031 3735 militum
2050 3699 2244 3750 genere
2254 3701 2273 3743 ‚·
2303 3683 2431 3733 iiber

1418 3768 1588 3817 genus
1619 3767 1886 3802 armorum
1910 3767 1949 3802 s.
1978 3767 2022 3803 c.
2053 3752 2138 3816 12,
2179 3751 2237 3814 23
2276 3767 2320 3801 c.
2349 3750 2428 3813 17,

1428 3819 1489 3870 12
1515 3835 1564 3869 u.
1589 3835 1663 3884 a„
1697 3820 1822 3871 doch
1857 3820 1983 3871 fehlt
2015 3837 2110 3886 que
2141 3820 2190 3869 in
2224 3820 2314 3868 der
2338 3818 2427 3867 be-

1422 3894 1537 3938 sten
1561 3887 1681 3939 Hds.

1492 3955 1660 4007 3—5.
1724 3960 1778 4008 in
1823 3962 1931 4008 tota
1972 3972 2075 4018 or.,
2129 3957 2194 4005 im
2237 3968 2429 4016 ganzen

1422 4024 1681 4076 Umkreise
1716 4027 1807 4076 der
1829 4024 2018 4088 Kiiste,
2054 4023 2113 4073 Z.
2147 4023 2177 4087 ξ
2211 4021 2327 4074 482.
2363 4050 2424 4057 --
