2861 4550
298 359 346 397 ,m
368 347 449 390 Ch.
471 348 561 394 196.

929 331 1122 385 LIBER
1151 311 1395 386 xxxm.
1443 331 1593 383 car.
1621 331 1702 382 32.
1730 332 1811 392 33.

2307 338 2428 400 229

301 488 510 552 intenti
554 494 787 552 essent:
839 488 984 550 adeo
1037 504 1221 550 unum
1273 486 1549 566 gaudium
1601 495 2124 567 praeoccupaverat
2161 490 2423 553 omnium

303 575 542 638 aliarum
596 592 840 636 sensum
880 573 1279 651 voluptatium.
1339 572 1518 636 Ludis
1558 592 1696 636 vero
1740 571 1998 636 dimissis
2032 593 2427 658 cursu2p150pe
2465 585 2545 647 33

298 677 515 722 omnes
553 660 789 722 tendere
826 660 899 722 ad
930 659 1349 737 ‘imperatorem
1390 659 1754 731 Romanum,
1808 666 1874 719 ut
1905 668 2120 728 ruente
2156 655 2326 724 turba
2363 663 2426 741 in
2471 679 2498 727 2

304 763 490 810 unum
519 745 695 818 adire,
722 744 1062 823 contingere
1092 745 1350 808 dextram
1383 743 1763 823 cupientium,
1795 762 2047 810 coronas
2069 743 2424 810 ,lemniscos-
2473 743 2480 754 '

304 847 417 911 que
447 829 781 900 iacientium
810 830 961 891 haud
994 830 1202 909 procul
1232 829 1489 910 periculo
1520 829 1710 892 suerit.
1756 829 1857 891 sed
1887 837 2010 892 erat
2038 830 2216 908 trium
2247 833 2428 896 ferme
2471 842 2500 890 3

303 925 361 978 et
381 915 622 995 triginta
652 933 970 989 annorum,
1012 923 1071 975 et
1100 933 1234 984 cum
1266 915 1451 979 robur
1472 914 1740 978 iuventae
1768 922 1895 978 tum
1920 919 2196 994 gaudium
2218 937 2287 980 ex
2309 926 2428 980 tam

302 1000 517 1084 insigni
555 1001 772 1080 gloriae
816 1003 1010 1062 fructu
1048 1001 1199 1062 vires
1232 1000 1658 1080 suppeditabat.
1721 1018 1829 1062 nec
1857 1020 2134 1080 praesens
2163 1011 2424 1065 tantum-
2468 1012 2499 1060 4

301 1087 483 1152 modo
531 1083 715 1158 effusa
742 1085 833 1150 est
859 1087 1100 1161 laetitia,
1140 1087 1247 1147 sed
1276 1104 1384 1166 per
1412 1085 1633 1148 multos
1664 1086 1790 1147 dies
1824 1087 2000 1165 gratis
2033 1097 2092 1150 et
2122 1088 2426 1166 cogitatio·
2499 1103 2502 1106 ·

299 1172 475 1236 nibus
524 1181 582 1236 et
622 1171 996 1236 sermonibus
1038 1180 1341 1242 renovata:
1397 1189 1530 1231 esse
1569 1170 1818 1250 aliquam
1859 1172 1920 1232 in
1958 1174 2130 1235 terris
2171 1185 2424 1252 gentem,

305 1276 451 1336 quae
480 1276 588 1318 sua
617 1258 882 1337 inpensa,
912 1277 1023 1318 suo
1054 1257 1253 1318 labore
1281 1276 1349 1317 ac
1375 1256 1634 1336 periculo
1667 1256 1812 1319 bella
1841 1268 2000 1336 gerat
2029 1278 2138 1338 pro
2168 1258 2426 1319 libertate

300 1343 580 1416 aliorum,
621 1362 728 1405 nec
758 1345 874 1423 hoc
910 1342 1174 1422 finitimis
1217 1352 1318 1404 aut
1346 1342 1714 1421 propinquae
1746 1339 2052 1405 vicinitatis
2084 1343 2423 1409 hominibus

301 1437 400 1490 aut
438 1428 610 1490 terris
651 1429 1084 1492 continentibus
1121 1428 1390 1506 [iunctis]
1426 1435 1705 1507 praestet,
1739 1428 1841 1489 sed
1872 1429 2054 1491 maria
2084 1429 2325 1503 traiciat,
2353 1448 2427 1490 nc

296 1514 461 1593 quod
499 1521 626 1574 toto
666 1514 810 1586 orbe
838 1523 1126 1576 terrarum
1166 1514 1448 1574 iniustum
1481 1511 1794 1591 imperium
1826 1513 1931 1586 sit,
1975 1515 2186 1594 ubique
2215 1515 2306 1575 ius
2338 1518 2425 1575 fas

301 1600 389 1660 lex
419 1598 832 1678 potentissima
873 1599 1008 1660 sint.
1060 1617 1177 1660 una
1207 1618 1347 1662 voce
1375 1598 1685 1677 praeconis
1715 1593 1983 1659 liberatas
2018 1601 2212 1661 omnis
2245 1600 2425 1661 Grae—

301 1684 423 1746 ciae
461 1691 635 1763 atque
663 1682 831 1745 Asiae
868 1685 1062 1745 urbes,
1121 1685 1237 1746 hoc
1279 1703 1384 1764 spe
1415 1683 1723 1762 concipere
1755 1683 1988 1745 audacis
2021 1685 2199 1750 animi
2223 1685 2423 1755 fuisse,

301 1770 373 1831 ad
400 1770 669 1832 effectum
701 1770 987 1832 adducere
1018 1777 1076 1830 et
1105 1767 1330 1831 virtutis
1362 1778 1419 1829 et
1450 1769 1716 1830 fortunae
1745 1769 2014 1848 ingentis·

361 1905 527 1940 aeocc.
551 1890 900 1942 hattevorher
924 1889 1058 1952 (weil
1084 1889 1163 1938 die
1180 1888 1311 1940 Ver-

276 1907 588 2021 ,ssndigung
656 1972 750 2008 vor
807 1958 915 2008 dem
976 1958 1161 2021 Beginn
1220 1958 1311 2008 der

301 2025 648 2092 wettkampfe
672 2024 906 2090 erfolgte)
936 2026 1308 2088 eingenommeu

299 2096 397 2145 und
438 2094 532 2146 den
572 2095 698 2148 Sina
739 2093 823 2144 ffir
853 2121 921 2131 ——
954 2094 1306 2160 abgestumpft,

297 2164 602 2216 benommerr.
1072 2219 1079 2225 ¹

362 2220 469 2285 83·
511 2230 675 2285 1-3.
721 2223 1153 2294 ludisssssdimi‘ssss,
1180 2237 1312 2281 statt

296 2303 387 2351 der
434 2317 498 2351 zu
545 2302 638 2351 den
666 2300 884 2366 ·Spielen
932 2314 1311 2363 zusammenge-

295 2370 614 2432 kommencn‚
644 2369 756 2421 ,der
794 2367 1308 2430 Festversammlung‚

294 2438 396 2501 vgl.
415 2437 497 2499 21,
519 2437 601 2499 54,
623 2437 675 2485 5:
701 2436 956 2486 dimittere
967 2437 1306 2503 praetorium,-

298 2506 436 2556 Suet.
460 2505 587 2568 Aug.
610 2503 698 2554 76:
726 2504 985 2555 dimittere
1005 2505 1307 2554 convivium.

294 2602 361 2611 —-
384 2589 547 2641 prope
570 2588 631 2635 c.‚
657 2588 698 2623 s.
735 2588 777 2623 c.
805 2571 857 2635 8,
884 2571 940 2627 ,7.
965 2600 1033 2609 -
1056 2576 1234 2622 ruente
1255 2575 1308 2622 in

198 2702 202 2709 ,
296 2656 459 2694 unum
518 2642 670 2691 durch
730 2640 1028 2693 auffallende
1077 2639 1309 2704 Stellung

295 2709 728 2773 hervorgehoben.
755 2738 823 2746 —-
848 2712 1071 2774 coming.
1098 2708 1147 2761 d.
1174 2724 1238 2773 0.,
1264 2724 1304 2758 s,

299 2778 378 2841 28,
405 2779 454 2843 9,
481 2779 529 2828 6.
551 2806 620 2815 —
643 2777 890 2843 lemniso„
929 2777 1064 2827 Paul.
1091 2777 1231 2827 Diae.
1254 2793 1303 2843 p.

298 2846 418 2911 1151:
444 2847 688 2910 lemnisci,
713 2846 769 2896 id
792 2850 872 2897 eet
887 2845 1150 2911 fasciolae
1174 2844 1308 2899 eolo-

292 2917 404 2969 riae
414 2914 753 2984 dependentes
763 2932 832 2969 ex
842 2917 1062 2978 coronis,
1069 2930 1200 2983 prop
1207 2919 1310 2964 ter-

293 3000 354 3034 ea
404 2985 670 3045 dicuntur,
721 2983 858 3050 quod
896 2986 1309 3049 antiquissimum

277 3053 402 3118 fuit
418 3069 589 3118 genus
608 3066 919 3105 coronarum
936 3051 1205 3102 lanearum
1238 3077 1308 3087 -—

295 3123 455 3170 trium
472 3122 531 3183 s.
554 3137 599 3170 e.
627 3124 680 3179 t„
708 3135 749 3170 s.
777 3119 858 3184 32,
889 3120 946 3180 73
983 3120 1103 3168 nach
1127 3090 1304 3184 Posyb.

282 3187 387 3250 .17,
415 3187 499 3236 12:
527 3187 700 3238 πλείω
724 3184 841 3255 γὰρ
864 3188 974 3238 τῶν
1009 3183 1305 3257 τριάκοντα

294 3252 437 3306 ἐτῶν
472 3249 573 3305 οὐκ
598 3253 734 3322 εἶχε,
768 3257 844 3306 als
871 3272 929 3305 er
956 3254 1140 3306 Consul
1166 3271 1305 3304 wur—

295 3323 374 3375 de.
409 3350 478 3359 —
504 3322 643 3388 glor.
671 3324 873 3387 fruct„
917 3325 994 3377 die
1033 3323 1303 3387 Wirkung‚

296 3392 388 3443 der
409 3388 605 3453 Erfolg‚
630 3392 732 3453 vgl.
761 3391 840 3451 25,
868 3391 948 3451 31,
977 3393 1005 3441 7
1019 3410 1031 3441 z
1068 3392 1304 3443 laborum

292 3457 1090 3527 periculorumque—fructum
1117 3458 1198 3525 27,
1224 3460 1308 3524 45,

297 3529 351 3576 5:
381 3527 743 3594 gloriae-ex
771 3543 833 3577 re
860 3531 982 3578 bene
1008 3533 1163 3594 gesta
1182 3544 1307 3596 par-

296 3596 677 3661 taesructum;
711 3595 773 3644 ib.
802 3594 895 3658 21,
928 3595 985 3657 33
1023 3597 1123 3646 Cic.
1151 3596 1305 3647 Arch.

302 3664 387 3727 10,
420 3662 509 3713 23:
543 3666 793 3714 minorem
821 3663 1023 3728 gloriae
1039 3666 1304 3730 fructum.

296 3731 470 3782 Indess
520 3733 588 3782 ist
634 3732 738 3781 dic·
760 3730 943 3781 Lesart
989 3732 1122 3782 nicht
1181 3747 1307 3794 ganz

296 3801 483 3866 sicher,
521 3801 582 3850 da
617 3801 696 3850 die
723 3799 888 3849 Bamb.
915 3799 1034 3849 Hds,
1053 3799 1226 3866 gloria
1259 3804 1312 3850 et

292 3869 504 3930 fructus
550 3870 649 3918 hat.
715 3868 880 3921 Ueber
927 3868 1006 3917 die
1055 3868 1235 3918 Sache‚
1263 3884 1306 3918 s.

296 3935 428 3985 plut.
454 3952 498 3986 c.
530 3936 619 3999 123
648 3936 727 3991 15.

365 4002 533 4057 4-6,
578 4021 946 4075 nec-praesens
989 4013 1086 4056 etc.
1122 3983 1304 4056 ssuders

1414 1889 1499 1968 bei
1515 1864 1691 1969 Polyb.
1711 1888 2042 1970 angekniipft:
2071 1883 2346 1968 doaeorssffm·
2364 1885 2427 1939 δὲ

1414 1972 1511 2021 της
1555 1959 2303 2038 ευχαριστίαςῖρπερβολικης
2334 1973 2427 2021 γε-

1413 2026 1621 2077 νέσθαι
1655 2026 1886 2097 θαρρῶν
1920 2042 1991 2076 αν
2024 2042 2105 2081 τις
2130 2024 2252 2077 εἶπε
2277 2020 2441 2077 διότι,

2469 1188 2498 1234 5

2469 1339 2498 1408 6

2472 1447 2495 1493 7

2469 1700 2498 1750 8

1416 2092 1563 2150 πολὺ
1606 2093 2042 2165 καταδεεστέραν
2084 2093 2224 2145 εἶναι
2268 2095 2427 2145 συνέ-
2522 2101 2525 2103 ’

1415 2159 1572 2230 Botere
1630 2163 1730 2212 τοῦ
1763 2164 1883 2226 ,τῆς
1950 2156 2200 2230 πράξεως
2309 2163 2425 2231 εγέ-

1416 2235 1574 2287 θους.
1626 2230 1700 2281 Da
1728 2230 1900 2281 fcrner
1924 2231 1981 2284 L.
2018 2232 2109 2281 den
2146 2231 2224 2281 bei
2291 2230 2425 2296 olyb.

1416 2300 1523 2349 sich
1550 2315 1643 2348 nur
1666 2299 1757 2351 auf
1777 2299 2141 2350 Griechenland
2160 2300 2428 2349 beziehen-

1417 2368 1510 2416 den
1551 2365 1821 2417 Gedanken
1857 2368 2134 2418 rhetorisch
2170 2368 2426 2430 verallge-

1415 2435 1631 2485 meinert
1675 2436 1943 2497 (aliorum)
1983 2439 2079 2486 und
2111 2452 2203 2486 nec
2233 2437 2325 2489 hoc
2358 2463 2426 2471 —

1409 2505 1772 2570 potentissima
1827 2506 1937 2555 sint
1993 2504 2299 2565 ciuschiebt‚
2368 2520 2424 2552 so

1414 2572 1652 2622 schliesst
1685 2573 1789 2622 sich
1823 2589 1928 2623 una
1957 2588 2073 2623 voce
2104 2571 2138 2638 ξ
2166 2573 2192 2620 7
2216 2573 2302 2621 bei
2328 2571 2425 2621 ihm

1413 2640 1638 2702 weniger
1675 2642 1890 2704 passend
1923 2640 1999 2689 als
2033 2641 2112 2689 bei
2148 2640 2325 2706 Polyb.
2361 2655 2423 2688 an

1414 2709 1503 2757 das
1523 2706 1832 2773 Vorhergeh.
1852 2724 1932 2758 an.
1949 2736 2017 2743 —
2035 2710 2425 2772 continentibus,

1415 2776 1824 2829 wahrseheinlich
1863 2777 1929 2826 ist
1950 2778 2137 2827 iunctis
2162 2776 2242 2824 cin
2271 2774 2426 2825 Glos-

1415 2859 1536 2908 sem,
1560 2846 1714 2894 durch
1736 2845 1957 2893 welches
1982 2844 2260 2893 commenti
2278 2846 2426 2892 iunc-

1418 2914 1511 2973 tis,
1553 2913 1651 2961 wie
1693 2912 2003 2975 gewiihnlich
2041 2912 2245 2975 gelesen
2281 2911 2426 2973 wird,

1415 2981 1714 3030 entstandcn
1742 2981 1824 3044 ist,
1851 2979 1962 3031 eine
1989 2983 2132 3030 terra
2154 2982 2434 3028 continenti

1411 3051 1590 3099 iuncta
1613 3063 1720 3097 war
1750 3049 1875 3098 auch
1903 3046 2290 3110 Griechenland,
2327 3047 2428 3111 vgl.

1414 3116 1608 3167 Nonius
1637 3115 1791 3166 Marc.
1826 3117 1886 3165 de
1911 3131 2018 3169 var.
2047 3115 2175 3179 sign.
2210 3115 2350 3165 verb.
2375 3132 2426 3181 p.

1412 3184 1537 3236 274:
1597 3202 1662 3235 ne
1705 3188 1759 3235 in
1807 3186 2178 3239 continentibus
2225 3184 2425 3250 quidem

1414 3256 1568 3304 terris
1610 3257 1842 3304 vestrum
1881 3269 2064 3304 nomen
2101 3253 2313 3303 dilatari
2329 3269 2424 3320 po-

1413 3326 1531 3373 test.
2136 3326 2141 3332 '

1485 3390 1652 3440 7—8.
1688 3394 1771 3441 ius
1790 3390 1918 3456 fas,
1945 3405 1987 3440 s,
2014 3391 2071 3451 8,
2097 3391 2156 3453 5,
2183 3389 2241 3452 83
2273 3389 2315 3451 1,
2343 3388 2422 3454 32,

1415 3457 1475 3520 63
1510 3458 1598 3509 lex
1630 3459 1789 3508 neben
1813 3461 1894 3510 ius
1918 3458 2018 3521 vgl.
2050 3456 2101 3521 1,
2144 3457 2227 3520 19,
2268 3457 2321 3518 13
2358 3457 2424 3506 ib.

1416 3526 1473 3589 8,
1503 3527 1558 3589 1,
1591 3527 1888 3576 bezeichnet
1912 3527 1989 3576 die
2015 3526 2310 3577 Hert-sebast
2335 3526 2424 3574 des

1416 3594 1664 3645 Gesctzes
1698 3596 1791 3644 der
1822 3595 2170 3661 despotischen
2199 3593 2425 3644 Willkiir

1414 3663 1727 3726 gegeniiber‚
1753 3661 1811 3723 2,
1843 3662 1895 3726 l,
1925 3664 1977 3713 1:
2014 3666 2230 3731 imperia
2251 3663 2422 3726 legum

1413 3734 1705 3798 pometiam
1739 3747 1889 3796 quam
1921 3732 2201 3782 hominum.
2235 3757 2303 3765 —-
2335 3745 2427 3795 spe

1417 3800 1633 3866 concip.;
1650 3798 1785 3850 ven.
1806 3799 1853 3859 2,
1870 3799 1990 3850 106:
2008 3799 2427 3866 quodrzumquam

1415 3871 1535 3917 ante
1553 3885 1646 3934 spe
1669 3868 2063 3937 conceptum.'—-
2079 3867 2149 3917 ad
2170 3867 2353 3930 effect„
2381 3879 2423 3913 s,

1416 3935 1474 3998 6,
1502 3935 1560 3999 4,
1595 3935 1642 3986 6.
1669 3965 1729 3972 -
1760 3942 1812 3986 et
1831 3934 1953 3989 'virt
1978 3937 2117 4000 ets„
2150 3934 2332 3983 anders
2358 3932 2426 3982 ist

1414 4004 1509 4054 der
1549 4005 1729 4056 elimax
1757 4003 2062 4069 bei-Polyb:
2090 3996 2425 4071 θαυμαστόν
