2861 4550
247 400 292 429 a.
311 388 500 430 011.197.
939 367 1377 426 LIBERXXXII.
1430 370 1573 433 CAP.
1599 369 1686 425 35.

2252 382 2369 444 165

247 530 313 591 in
351 526 687 601 stationem,
726 546 798 587 ex
834 545 944 605 qua
981 526 1282 605 profectus
1323 533 1468 601 erat,
1505 527 1756 588 Romani
1794 529 2054 609 sociique
2090 532 2153 593 in
2185 520 2373 594 castra

233 613 566 678 redierunt.
632 611 939 687 Quinctius
977 617 1222 690 postero
1264 611 1358 672 die
1397 612 1469 672 ad
1506 611 1774 673 Nicaeam
1806 614 1967 674 —is
2009 617 2164 678 enim
2205 618 2371 678 locus
2417 632 2444 677 2

156 747 159 750 .
248 699 546 779 placuerat
574 731 655 741 —-
686 698 757 758 ad
800 696 1184 758 constitutum
1222 703 1457 776 tempus
1486 697 1687 776 venit:¹
1708 698 2012 779 Philippus
2044 702 2237 762 nullus
2261 693 2371 763 ‘us-

251 799 458 864 quam3
495 781 602 844 nec
638 782 879 844 nuntius
909 781 981 844 ab
1012 801 1083 844 eo
1114 800 1221 861 per
1247 782 1471 861 aliquot
1498 783 1677 843 horas
1708 783 1997 859 veniebat3
2028 795 2087 847 et
2121 786 2242 847 iam
2269 788 2372 848 de—

252 868 622 948 sperantibus
644 867 955 930 venturum
984 875 1225 946 repente
1243 879 1641 948 apparuerunt
1660 885 1853 930 naves.
1900 878 2069 950 atque
2090 870 2217 950 ipse
2242 873 2369 951 qui-
2416 883 2445 931 3
2471 877 2478 886 ‘

253 956 415 1029 dem,
453 972 587 1015 cum
623 960 740 1015 tam
784 952 974 1032 gravia
1013 960 1071 1014 et
1107 952 1347 1031 indigna
1383 953 1846 1033 imperarentur,
1878 955 2116 1034 inopem
2147 957 2373 1018 consilii

250 1039 407 1100 diem
447 1039 895 1135 consumpsisse
933 1036 1310 1100 deliberando
1350 1038 1564 1113 aiebat,
1608 1039 1779 1117 vulgo
1821 1040 2133 1101 credebant
2171 1043 2241 1102 de
2283 1043 2371 1101 in-
2418 1050 2448 1098 4

251 1123 474 1186 dustria
509 1142 638 1185 rem
675 1124 738 1184 in
776 1140 974 1186 serum
1014 1130 1285 1199 tractam,
1331 1142 1411 1184 ne
1447 1132 1686 1220 temp-us
1728 1125 1853 1188 dari
1891 1134 2093 1221 posset
2130 1128 2372 1188 Achaeis
2417 1137 2420 1140 ’

246 1209 588 1290 Aetolisque
624 1209 696 1270 ad
726 1209 1234 1290 respondendum3
1276 1217 1350 1270 et
1362 1227 1490 1269 eam
1523 1208 1865 1288 opinionem
1895 1210 2022 1289 ipse
2051 1203 2401 1272 adfirmavit
2418 1220 2448 1267 5

246 1295 522 1376 petendo,
551 1302 618 1355 ut
647 1295 961 1357 summotis
993 1294 1137 1368 aliis,
1165 1312 1241 1354 ne
1265 1301 1501 1391 tempus
1526 1289 1855 1356 altercando
1879 1303 2168 1357 tereretur
2192 1305 2248 1356 et
2270 1297 2374 1357 ali-

248 1381 350 1461 qui
380 1380 517 1442 finis
547 1379 631 1441 rei
661 1380 889 1460 imponi
919 1389 1142 1461 posset,
1175 1397 1308 1440 cum
1341 1380 1473 1458 ipso
1503 1379 1858 1458 imperatore
1880 1380 2147 1442 Romano
2177 1382 2376 1442 liceret

248 1465 363 1527 sibi
394 1465 660 1546 colloqui.
718 1466 775 1526 id
805 1465 999 1545 primo
1031 1483 1155 1526 non
1185 1465 1619 1543 acceptum;·‘ne
1649 1465 1873 1526 excludi
1898 1465 2189 1545 colloquio
2214 1467 2373 1527 vide·
2418 1472 2449 1520 6

247 1559 455 1612 rentur
484 1550 658 1624 socii,
698 1551 857 1624 dein,
888 1569 1020 1612 cum
1053 1551 1207 1611 haud
1236 1549 1545 1611 absisteret
1575 1559 1801 1629 petere,
1831 1569 1901 1611 ex
1933 1554 2198 1612 omnium
2232 1567 2375 1613 con-
2420 1562 2447 1609 7

250 1636 382 1697 silio
415 1635 718 1696 Romanus
749 1637 1073 1715 imperator
1102 1654 1234 1697 cum
1265 1636 1373 1715 Ap.
1398 1635 1637 1697 Claudio
1668 1634 1906 1697 tribuno
1936 1635 2187 1697 militum
2222 1645 2375 1697 cete-

248 1721 334 1782 ris
365 1719 679 1783 summotis
709 1722 782 1783 ad
805 1728 1129 1782 extremum
1151 1720 1288 1782 litus
1310 1720 1630 1800 processit3
1659 1738 1760 1781 rex
1790 1739 1922 1782 cum
1948 1721 2201 1795 duohuS,
2226 1741 2375 1801 quos
2420 1736 2449 1784 8

247 1806 440 1887 pridie
487 1805 853 1881 adhibuerat,
900 1806 962 1868 in
1008 1814 1223 1869 terram
1261 1815 1686 1886 est-egressus.
1747 1806 1828 1867 ibi
1858 1824 1991 1867 cum
2023 1807 2379 1886 aliquamdiu
2417 1835 2422 1840 ’

248 1898 477 1953 secreto
509 1891 688 1952 locuti
719 1901 943 1966 essent,
984 1897 1282 1972 quae'acta
1311 1891 1619 1971 Philippus
1651 1892 1724 1953 ad
1754 1909 1896 1974 suos
1927 1892 2232 1966 rettulerit,
2262 1893 2375 1951 mi-

248 1995 367 2038 nus
406 1984 775 2056 compertum
802 1985 910 2039 est.
973 1978 1281 2052 Quinctius
1310 1979 1455 2039 haec
1482 1976 1701 2039 rettulit
1729 1977 1802 2038 ad
1834 1978 2058 2052 sociOS,
2094 1977 2377 2039 Romanis
2422 1991 2452 2040 9

249 2080 389 2124 eum
420 2063 627 2124 cedere
655 2070 777 2125 tota
805 2063 1011 2144 Illyrici
1043 2082 1165 2138 ora,
1193 2065 1469 2143 perfugas
1497 2062 1794 2127 remittere
1823 2082 1892 2124 ac
1921 2062 1972 2124 si
2003 2062 2102 2142 qui
2132 2063 2252 2125 sint
2282 2082 2377 2124 ca-
2497 2071 2502 2075 ’

249 2255 380 2307 Phil.
408 2255 487 2307 die
519 2255 827 2307 schriftliche·
849 2255 1135 2320 Absassung
1168 2256 1261 2306 der

248 2325 614 2388 Fordcrungen
660 2326 895 2389 verlangt
938 2326 1040 2376 und
1069 2325 1260 2375 dieses

248 2393 594 2456 zugestanden
620 2395 848 2444 erhalten
874 2392 1026 2455 habe,
1062 2393 1130 2442 ist
1160 2408 1258 2442 von
1301 2401 1310 2406 ·

248 2462 312 2511 L.
356 2460 690 2528 iiber-gangen.
724 2489 798 2499 -—-
832 2459 1099 2522 Nicaeam,
1144 2475 1184 2510 s,
1217 2475 1263 2510 c.

250 2529 338 2588 32,
366 2528 423 2588 9,
448 2543 671 2607 genauer
691 2528 869 2594 Polyb.
895 2545 940 2579 c.
966 2528 1021 2579 8:
1059 2530 1137 2585 εἰς
1156 2530 1264 2579 Νί-

250 2611 422 2647 καιαν
462 2591 696 2657 πάλιν,
739 2611 886 2647 wenn
921 2597 1057 2647 nicht
1087 2596 1170 2646 bei
1202 2596 1262 2654 L.

249 2667 448 2716 iterum
491 2664 801 2727 ausgefallen
849 2665 934 2715 ist.
981 2692 1040 2702 -
1093 2664 1264 2716 nullus

248 2750 367 2798 usq.
409 2732 695 2795 ,mirgends
736 2733 819 2783 ein
852 2732 1138 2799 Philippus,
1143 2735 1176 2758 “
1218 2749 1260 2784 s.

248 2802 356 2852 Cic.
382 2770 497 2852 A’tt.
531 2800 607 2864 14,
634 2799 691 2865 3,
722 2802 773 2852 1:
813 2800 1095 2855 Corumhus
1117 2801 1268 2852 Balbi

247 2869 423 2921 nullus
442 2869 640 2929 adlmm·
657 2873 711 2919 et
724 2870 1261 2921 mihinommnomen·
1241 2906 1257 2934 ,

248 2938 423 2989 nullus
477 2938 608 2988 kann
667 2938 791 2988 noch
849 2939 1087 3002 Adjectiv
1122 2938 1264 3003 sein,

256 3007 497 3057 wiihrend
530 3022 586 3056 es
618 3006 699 3057 bei
730 3008 824 3057 den
857 3004 1131 3057 Romikern
1175 3007 1264 3056 das

254 3075 479 3126 Adverb.
512 3075 743 3137 veru-itt,
778 3074 882 3138 vgl.
913 3075 1016 3126 Cic.
1049 3075 1157 3126 Att.
1187 3073 1266 3140 15,

257 3143 357 3204 223
381 3143 447 3193 ib.
469 3142 552 3206 29,
584 3143 636 3205 13
669 3142 746 3205 11,
772 3142 854 3206 24,
877 3143 930 3193 4:
957 3142 1267 3193 Philotimus

253 3228 361 3261 uon
399 3211 548 3262 modo
579 3211 749 3262 nullus
781 3213 939 3275 venit,
982 3210 1077 3262 sed
1104 3238 1173 3248 --
1203 3227 1269 3260 ne

258 3285 378 3393 eto&
405 3278 640 3394 ῗξςιέῑεδ.
663 3278 715 3328 S.
742 3279 872 3342 2253
898 3286 1061 3333 etwas
1085 3278 1267 3329 anders

327 3412 499 3463 3—8.
537 3416 1019 3482 atque—quidem,
1045 3431 1086 3467 s.
1107 3415 1154 3476 9,
1182 3415 1265 3478 41,

258 3485 306 3614 ἶ
335 3485 1084 3617 Ξρῗοῗῖἵῗῖῗέἷέἒὲξῖἕ,
1107 3482 1268 3613 Ξειῗῗι.

256 3620 439 3685 vulgo,
476 3620 594 3675 τοῖς
625 3590 814 3675 ἄλλοις
836 3615 1034 3672 ἐδόκει.
1058 3648 1128 3656 -
1154 3591 1274 3670 ‹I’arc‘

257 3691 507 3756 possetu.
531 3686 649 3752 55,
677 3685 835 3749 ο.,40
860 3687 908 3750 2,
936 3704 976 3737 s.
1006 3686 1061 3749 3,
1086 3686 1182 3750 34,
1209 3688 1267 3748 53

259 3756 441 3815 ib.50,
483 3755 543 3804 10
578 3771 628 3804 ιι.
653 3770 699 3805 ιι.
733 3755 1131 3822 -adfirmav.,
1168 3755 1270 3817 vgl.

263 3824 335 3883 2,’
359 3823 447 3886 12,
482 3823 530 3874 4.
554 3825 698 3891 -ip
701 3839 786 3887 so,
823 3824 921 3873 ἱΙιιιι
946 3823 1157 3887 gerade,
1193 3823 1270 3872 al-

266 3892 392 3954 lein,
429 3889 552 3957 mla
587 3840 734 3961 πρὸς
767 3886 938 3943 αὐτὸν
962 3889 1268 3958 διαλεχθῆ-

265 3974 371 4010 ναι.
397 3988 465 3996 ——
494 3976 560 4011 ne
580 3990 645 3998 -—
671 3963 802 4012 socii
831 3962 919 4012 hat
939 3960 998 4011 L.
1033 3959 1271 4022 hinzuge-

264 4032 416 4078 setzt.
430 4030 872 4099 —absistm'etp.,
893 4030 940 4091 7,
955 4028 1038 4092 25,
1049 4029 1108 4091 5·
1130 4027 1177 4092 2,
1189 4028 1269 4090 59,

1368 2255 1400 2307 8
1424 2254 1674 2311 desistere
1698 2271 1747 2307 u.
1774 2270 1819 2307 a.
1836 2283 1906 2294 -
1929 2270 2044 2308 cum
2068 2255 2265 2308 duobus
2289 2256 2380 2309 ist:

1367 2324 1460 2376 mit
1492 2326 1598 2375 den·
1623 2323 1825 2388 beiden,
1860 2339 2008 2375 wenn
2033 2324 2087 2375 L.
2122 2325 2379 2376 dieselben

1370 2409 1412 2443 c.
1441 2392 1523 2456 32,
1553 2392 1615 2443 10
1641 2400 1861 2456 genennt
1886 2395 2050 2456 hatte,
2090 2401 2257 2443 sonst:
2291 2394 2384 2443 mit

1370 2461 1559 2512 zweien
1576 2476 1674 2511 von
1696 2462 1855 2511 denen
1876 2478 1925 2511 ιι.
1946 2477 1989 2512 s.
2000 2477 2096 2523 w.
2083 2463 2236 2512 ·dass
2256 2463 2381 2512 auch

1369 2530 1452 2580 dic
1485 2529 1694 2592 iibrigen
1726 2530 1824 2580 mit
1851 2529 1978 2580 Phil.
2024 2531 2381 2594 angekommen

1370 2612 1561 2662 waren,
1586 2598 1656 2649 ist
1680 2598 1834 2649 durch
1852 2603 2210 2666 apparuerunt
2228 2614 2382 2648 naves
2426 2637 2431 2641 .

1372 2666 1401 2731 5
1439 2665 1471 2714 2
1505 2667 1821 2729 angedeutet.
1845 2694 1915 2704 —-
1946 2667 2126 2729 locuti,
2162 2682 2383 2730 genauer

1369 2734 1510 2784 wiire
1553 2734 1789 2786 collocuti
1819 2735 1923 2798 vgl.
1969 2751 2011 2785 c.
2056 2734 2146 2795 23,
2191 2735 2246 2784 5:
2268 2751 2385 2800 pu-

1366 2806 1622 2870 gnantes,-
1666 2801 1844 2869 Polyb.
1887 2802 2172 2881 συμμίξας
2210 2799 2272 2851 δὲ
2308 2801 2384 2867 τῶ

1377 2872 1525 2922 Τίτω
1553 2868 1831 2937 διελέγετο
1857 2869 2033 2921 πλείω
2060 2865 2290 2948 χρόνον.
2317 2897 2386 2904 -

1372 2955 1503 3005 quae
1521 2965 1593 2976 —
1617 2954 1780 3006 comp.
1814 2942 1896 2987 est
1928 2939 2017 2988 hat
2046 2937 2105 2987 L.
2143 2937 2384 3000 hinzuge-

1375 3013 1537 3068 setzt,
1584 3005 1764 3072 Polyb.
1814 3006 2042 3055 erwiihnt
2098 3020 2219 3066 nur,
2278 3020 2385 3055 was

1375 3046 1587 3125 Flamin.
1608 3074 1780 3123 seinen
1801 3074 2249 3137 Bundesgenossen
2270 3073 2385 3123 mit—

1376 3142 1590 3206 getbeilt
1621 3141 1775 3203 habe,
1812 3141 1935 3193 Phil.
1961 3143 2099 3192 hatte
2130 3142 2268 3191 nicht
2294 3145 2384 3191 nii-

1377 3210 1484 3274 thig
1506 3226 1563 3260 es
1584 3210 1757 3260 seinen
1777 3210 2037 3261 Hofleuten
2060 3227 2122 3259 zu
2142 3209 2386 3271 eriiffnen,

1376 3295 1436 3329 er
1468 3286 1680 3329 wat-tete
1717 3294 1837 3342 nur,
1882 3278 1943 3328 ob
1985 3279 2123 3328 scine
2162 3279 2384 3342 Antriigc

1374 3362 1730 3411 angenommen
1765 3347 1996 3407 wiirden,
2043 3363 2083 3397 S.
2122 3363 2163 3396 c.
2198 3346 2288 3411 36,
2340 3347 2383 3406 1,

1374 3416 1478 3479 vgl.
1506 3415 1588 3478 30,
1616 3414 1697 3476 31,
1728 3414 1806 3466 10.
1832 3444 1899 3452 -

1448 3484 1479 3534 9
1498 3510 1567 3522 —-
1590 3482 1665 3532 12.
1723 3483 1969 3534 Romanis
1999 3511 2068 3519 --
2101 3483 2279 3533 cedere
2319 3511 2372 3517 —

1378 3568 1496 3614 ora,
1544 3567 1586 3601 ε.
1622 3551 1714 3614 45,
1753 3552 1840 3615 11,
1880 3552 1966 3601 11:
2000 3554 2105 3601 nisi
2140 3553 2240 3601 sibi
2279 3554 2387 3600 tota

1380 3620 1550 3689 Cypro
1572 3647 1643 3656 —
1667 3619 1893 3678 cederem
1926 3619 2020 3681 24,
2054 3618 2109 3682 6,
2135 3619 2192 3680 8,
2220 3619 2386 3682 ha'ufig

1374 3689 1709 3756 possessione
1730 3686 1899 3751 (alicui
1915 3688 2037 3737 oder
2056 3657 2192 3737 ol’me
2202 3688 2383 3748 dieses)

1379 3755 1581 3816 cedere,
1616 3769 1658 3803 s.
1688 3753 1743 3816 3,
1780 3755 1872 3819 45,
1909 3755 1939 3805 2
1964 3773 2013 3805 ιι.
2038 3772 2110 3818 a.,
2145 3754 2388 3804 wechselt

1378 3824 1468 3874 mit
1492 3837 1755 3873 cessurum
1777 3821 1811 3889 ξ
1838 3823 1899 3873 10
1922 3841 1971 3873 ιι.
2004 3823 2092 3884 12;
2121 3822 2200 3884 34,
2228 3821 2308 3884 33,
2334 3819 2383 3869 3.

1375 3890 1651 3958 —Illyric
1673 3906 1782 3954 ora,
1803 3907 1845 3941 s.
1866 3909 1909 3942 c.
1932 3892 2013 3951 33,
2035 3892 2090 3950 3,
2114 3890 2191 3954 29,
2215 3889 2290 3954 12,
2307 3888 2385 3938 13.

1384 3958 1608 4023 Thebas,
1652 3973 1761 4010 war
1799 3961 1879 4010 ein
1913 3959 2176 4021 wichtiger
2210 3956 2387 4020 Hafen,

1379 4030 1475 4079 den
1500 4028 1626 4079 Phil.
1660 4028 1848 4079 damals
1883 4029 2017 4078 nicht
2048 4024 2249 4090 glaubtc
2275 4032 2385 4076 ent-
