2861 4550
533 392 670 455 ²292

1202 381 1683 449 Llnanzxxxlv.
1720 381 1884 435 mr.
1912 383 1994 437 22.

2444 407 2486 439 ι.
2507 408 2553 438 ιι.
2570 398 2682 443 559.

542 545 619 608 tis
660 544 808 606 eirca
839 541 1070 604 Padum·
1096 539 1421 603 Placentiae
1458 547 1517 605 et
1545 537 1867 600 Cremonae
1903 536 2223 603 exercitum
2258 536 2465 601 habuit
2498 539 2680 601 resti-

423 626 436 635 *
546 632 791 710 tumque,
821 647 969 707 quae
999 626 1060 687 in
1092 626 1164 686 iis
1196 625 1430 705 oppidis
1462 623 1612 684 bello
1643 624 1834 685 diruta
1862 624 2108 685 fuerant.
2138 656 2145 663 -

660 764 664 769 .
717 713 861 775 Cum
891 712 989 774 hic
1019 719 1203 773 status
1225 729 1434 772 rerum
1463 710 1523 769 in
1552 704 1709 771 Italia
1738 707 2131 788 Hispaniaque
2159 717 2342 782 esset,
2382 709 2449 769 Τ.
2483 708 2678 781 Quin-

550 800 662 862 ctio
693 799 755 860 in
785 797 1020 860 Graecia
1049 797 1127 858 ita
1155 795 1411 857 hibernis
1442 793 1613 868 actiS,
1650 801 1713 854 ut
1741 794 1997 872 exceptis
2028 794 2276 867 Aetolis,
2312 793 2526 874 quibus
2565 813 2680 855 nec

547 904 658 965 pro
688 904 794 964 spe
814 882 1086 945 victoriae
1108 880 1365 961 praemia
1388 879 1773 958 contigerant.
1803 896 1913 941 nec
1941 879 2042 942 diu
2063 880 2229 960 quies
2251 880 2479 960 placere
2499 889 2677 958 pote-

548 978 665 1044 rat,
705 969 976 1031 universa
1009 966 1244 1027 Graecia
1291 965 1466 1026 simul
1510 963 1669 1044 pacis
1708 964 2106 1044 libertatisque
2144 966 2453 1046 perfruens
2495 965 2675 1026 honis

476 1076 506 1123 5
549 1054 776 1135 egregie
808 1061 963 1115 statu
994 1071 1102 1113 suo
1134 1051 1438 1129 gauderet,
1478 1068 1590 1111 nec
1616 1050 1802 1127 magis
1843 1051 1905 1111 in
1937 1050 2086 1115 bello
2116 1051 2393 1115 virtutem
2421 1051 2674 1113 Romani

549 1141 713 1202 ducis
745 1157 925 1218 quam
959 1137 1022 1198 in
1051 1136 1286 1197 victoria
1315 1135 1759 1214 temperantiam
1788 1135 2185 1216 iustitiamque
2221 1143 2279 1197 et
2316 1136 2677 1197 moderatio-

550 1244 686 1287 nem
710 1224 1053 1295 miraretur‚
1094 1230 1330 1283 senatus
1362 1221 1720 1293 consultum,
1760 1239 1880 1300 quo
1911 1221 2121 1283 bellum
2157 1222 2437 1287 adversus
2465 1220 2675 1282 Nabim

478 1324 509 1373 6
548 1308 1071 1373 Lacedaemonium
1099 1308 1395 1369 decretum
1417 1317 1556 1381 erat,
1576 1307 1854 1367 adfertur.
1887 1325 2004 1385 quo
2028 1306 2178 1367 lecto
2200 1306 2505 1380 Quinctius
2529 1325 2677 1368 con-

551 1403 790 1458 ventum
822 1393 1165 1455 Corinthum
1207 1393 1474 1454 omnium
1512 1391 1806 1453 sociarum
1848 1391 2156 1455 civitatium
2184 1391 2573 1471 legationibus
2614 1393 2678 1453 in

555 1480 712 1543 diem
747 1488 961 1542 certam
1008 1479 1197 1541 edicit.
1251 1478 1320 1539 ad
1361 1494 1537 1557 quam
1575 1476 1674 1539 ubi
1715 1478 2046 1555 frequentes
2085 1478 2344 1557 undique
2381 1477 2677 1557 principes

552 1573 976 1635 convenerunt,
1006 1566 1085 1626 ita
1115 1565 1197 1625 uti
1226 1581 1300 1624 ne
1329 1563 1516 1624 Aetoli
1547 1562 1780 1641 quidem
1825 1562 2120 1636 abessent,
2166 1563 2261 1624 tali
2293 1563 2558 1624 oratione
2587 1571 2678 1623 est

481 1667 509 1716 7
552 1671 717 1714 usus.
746 1651 1001 1725 „bellum
1020 1652 1297 1712 adversus
1309 1648 1644 1727 Philippum
1662 1665 1784 1707 non
1796 1649 1981 1727 magis
1996 1648 2294 1710 communi
2310 1649 2507 1710 animo
2527 1667 2675 1709 con-

554 1737 802 1816 silioque
829 1736 1080 1797 Romani
1123 1743 1179 1795 et
1209 1734 1409 1795 Graeci
1449 1742 1781 1812 gesserunt,
1823 1750 1994 1812 quam
2029 1734 2258 1814 utrique
2296 1752 2433 1795 suas
2465 1752 2676 1821 causas

481 1837 512 1887 8
552 1823 684 1884 belli
723 1821 1066 1883 habuerunt.
1127 1839 1262 1881 nam
1307 1828 1363 1879 et
1392 1819 1796 1880 Romanorum
1838 1819 2145 1881 amicitiam
2186 1838 2344 1881 nunc
2373 1820 2676 1898 Carthagi-

552 1908 774 1970 niensis
804 1906 995 1968 hostis
1019 1924 1227 1966 eorum
1249 1902 1527 1978 iuvando,
1558 1923 1718 1965 nunc
1745 1905 1841 1965 hic
1869 1902 2044 1965 sociis
2074 1904 2294 1966 nostris
2326 1923 2675 1985 oppugnan-

482 2004 514 2053 9
558 1993 648 2054 dis
670 1993 1003 2064 violaverat3
1034 1999 1091 2051 et
1119 1991 1177 2050 in
1203 2008 1307 2049 vos
1331 1990 1461 2050 talis
1485 1990 1610 2060 fuit,
1642 1997 1705 2050 ut
1730 1989 1918 2063 nobiti,
1951 1991 2177 2051 etiamsi
2201 1999 2537 2052 nostrarum
2563 1991 2676 2052 ob-

556 2077 950 2137 livisceremur
986 2075 1362 2147 iniuriarum,
1402 2082 1629 2136 vestrae
1664 2074 1907 2136 iniuriae
1945 2075 2087 2135 satis
2121 2077 2290 2160 digua
2331 2092 2506 2137 causa
2546 2075 2676 2136 belli

455 2175 516 2225 10
557 2160 747 2222 fuerit.
794 2161 1076 2220 hodierna
1103 2159 1450 2221 consultatio
1479 2168 1601 2223 tota
1633 2181 1700 2221 ex
1729 2160 1894 2221 vobis
1923 2161 2151 2240 pendet.
2197 2164 2385 2223 refero
2416 2161 2571 2223 enim
2602 2163 2674 2223 ad

558 2265 683 2320 voe,
713 2252 909 2307 utrum
945 2247 1146 2325 Argos,
1191 2242 1342 2308 sicut
1370 2245 1534 2309 scitis
1564 2245 1677 2327 ipsi
1706 2246 1777 2307 ,ad
1811 2244 2032 2308 Nabide
2062 2255 2395 2328 occupatos,
2426 2246 2545 2328 pati
2574 2267 2674 2307 ve-

454 2341 509 2391 11
554 2332 669 2393 litis
702 2331 813 2392 suh
837 2332 1066 2392 dicione
1094 2332 1221 2393 eius
1253 2351 1398 2407 esse,
1429 2351 1503 2393 an
1525 2351 1772 2412 aequum
1805 2332 2092 2394 censeatis
2113 2333 2542 2394 nobilissimam
2573 2354 2674 2394 ve-

551 2417 1051 2496 tustissimamque
1076 2418 1379 2492 civitatem,
1411 2419 1472 2478 in
1495 2418 1685 2479 media
1707 2417 1940 2479 Graecia
1972 2418 2163 2493 sitam,
2192 2419 2375 2499 repeti
2400 2420 2467 2480 in
2494 2419 2673 2481 liber-

459 2667 464 2673 ,
621 2615 775 2667 4—6
862 2630 923 2667 ro
946 2633 1063 2686 ape,
1089 2632 1130 2667 5.
1156 2615 1246 2678 33,
1271 2616 1471 2681 35,10.
1493 2644 1564 2654 ·—

553 2702 645 2736 nec
669 2686 784 2747 diu,
823 2632 915 2750 ΕΒ,
948 2686 1040 2750 44,
1081 2687 1127 2735 7.
1150 2714 1218 2724 --
1247 2689 1477 2750 egregie,
1513 2685 1561 2758 in

551 2754 1001 2819 ansgezeicbneter
1048 2753 1254 2815 Weise‚
1301 2754 1560 2816 vorziigli-

554 2824 691 2874 chem
718 2822 901 2884 Grade,
927 2823 1028 2886 vgl.
1056 2822 1103 2885 9,
1129 2821 1212 2881 26,
1240 2820 1332 2882 203
1368 2821 1451 2886 21,
1477 2821 1560 2883 40,

552 2890 599 2941 2.
623 2918 692 2928 -
716 2896 923 2959 temper.
949 2918 1012 2927 -—
1037 2889 1256 2955 moder„
1285 2889 1473 2951 miissig
1493 2913 1564 2925 -—

553 2960 655 3009 sicli
680 2960 842 3010 selbst
871 2958 1265 3019 behert-schend,
1300 2972 1340 3006 s.
1368 2957 1560 3007 Deder-

551 3027 651 3077 leiu
677 3026 996 3094 Synouymen
1024 3026 1072 3087 2,
1100 3025 1198 3075 208
1211 3026 1261 3075 ff.
1281 3054 1340 3061 —
1371 3042 1469 3091 quo
1493 3052 1563 3062 -

551 3095 763 3157 decret„
787 3096 912 3144 nach
938 3094 1027 3158 33,
1053 3094 1144 3156 45,
1171 3093 1228 3157 3,
1254 3110 1296 3144 5.
1322 3094 1502 3144 sustin.
1528 3093 1561 3142 1.

550 3162 587 3211 l.
623 3162 750 3211 wird
786 3163 866 3210 die
892 3161 1268 3224 Entscheidung
1299 3161 1560 3227 Quinctius

552 3228 875 3289 {ibex-tasson,
925 3230 1024 3278 und
1072 3229 1122 3277 in
1169 3229 1356 3278 diesem
1404 3230 1558 3279 Sinne

550 3296 674 3346 ancli
685 3295 766 3344 die
778 3294 897 3358 folg.
909 3294 1558 3359 Unterbaudlunggefiibrt3

550 3378 614 3414 nn
638 3377 689 3413 u.
717 3362 795 3412 St.
820 3363 887 3412 ist
911 3363 1019 3412 also
1054 3378 1150 3412 nur
1180 3364 1271 3413 der
1293 3364 1560 3415 Ausdruck

549 3432 773 3494 weniger
802 3445 979 3494 genau.
1002 3457 1072 3470 --
1098 3429 1320 3482 Corinth.
1348 3460 1415 3469 —-
1449 3432 1558 3483 edi-

550 3501 633 3561 cit,
658 3514 700 3547 5.
727 3497 805 3563 31,
831 3497 913 3561 29,
937 3497 986 3548 8.
1002 3525 1072 3536 ·—--
1093 3499 1164 3549 ad
1184 3515 1333 3564 quam
1358 3499 1560 3552 bezieht

551 3565 655 3615 sich
681 3566 930 3617 natiirlich
949 3566 1041 3617 auf
1052 3566 1201 3630 diem,
1229 3584 1271 3618 5.
1292 3584 1334 3618 c.
1356 3567 1440 3630 56,
1470 3568 1557 3632 12,

550 3632 630 3751 ἐξ,
660 3633 739 3750 ss,
765 3633 822 3696 ὃς
858 3634 949 3698 39,
980 3635 1065 3699 17,
1091 3635 1140 3687 2.
1163 3640 1330 3687 -ita
1350 3640 1444 3699 uti,
1474 3636 1556 3699 28,

616 3738 631 3764 ,
726 3738 738 3751 .

618 3770 647 3819 7
660 3797 719 3806 -—
736 3769 785 3819 9.
820 3786 939 3822 non.
958 3787 1095 3838 mag.
1115 3804 1161 3812 -
1179 3790 1347 3839 qnam,
1368 3774 1554 3823 ebenso

546 3839 742 3889 sebr—
754 3837 832 3888 al‘s
851 3838 899 3888 d.
913 3840 984 3889 b.:
1005 3839 1287 3905 einmiitbig,
1310 3842 1555 3905 obgleicb.

529 3907 680 3957 “-Ιιιϊ
697 3906 875 3957 istwol
895 3924 958 3957 zu
977 3910 1333 3978 oppugnandis
1347 3926 1410 3959 zu
1428 3910 1552 3960 neh-

543 3989 673 4039 mcn‚
697 3974 897 4025 wiewol
916 3991 974 4024 es
991 3975 1113 4026 nach
1132 3975 1213 4026 L's
1231 3978 1552 4028 Ausdruoks*

543 4043 718 4107 weise,
744 4059 786 4095 5.
812 4044 858 4111 1,
881 4043 966 4110 39,
985 4044 1032 4109 3,
1060 4046 1187 4096 auch
1207 4061 1272 4096 zu
1289 4047 1447 4099 soci&
1460 4060 1546 4108 ge·-

1669 2619 1824 2667 hliren
1872 2617 2072 2668 konnte.
2144 2617 2421 2683 Uebrigens
2469 2620 2539 2671 ist
2583 2620 2679 2670 der

1669 2684 1913 2736 Wecbsel
1945 2687 2197 2737 zwisehen
2230 2691 2428 2738 nostris
2459 2690 2557 2739 und
2588 2704 2679 2738 eo-

1666 2769 1802 2816 rum,
1827 2754 2116 2806 adiuvando
2140 2756 2240 2806 und
2260 2771 2483 2824 oppugn.
2501 2758 2679 2818 coctis,

1668 2821 1770 2884 vgl.
1793 2820 1875 2883 31,
1902 2822 1982 2881 26,
2010 2823 2057 2886 6,
2084 2839 2148 2873 zu
2172 2823 2430 2875 beachten.
2448 2855 2494 2864 -
2513 2829 2565 2875 et
2580 2841 2680 2875 vor

1667 2891 1724 2939 in
1770 2905 1858 2938 vos
1903 2890 2030 2940 fehlt
2078 2890 2127 2941 in
2184 2893 2278 2941 der
2323 2892 2487 2943 Bamb.
2540 2892 2679 2958 Hos„

1666 2958 2075 3008 wahrscheinlicb
2088 2960 2240 3009 durch
2255 2959 2509 3011 Verseben
2524 2977 2538 3023 ς
2554 2978 2681 3011 nam

1667 3025 1764 3089 εἰς
1786 3025 1816 3074 8
1836 3025 2008 3075 wiirde
2035 3035 2177 3077 scnst
2201 3029 2296 3078 wie
2315 3027 2398 3091 31,
2423 3027 2506 3090 40,
2533 3030 2563 3077 5
2582 3045 2677 3092 ge-

1668 3094 1875 3145 braucbt
1901 3095 2028 3144 sein.
2061 3122 2129 3133 --
2144 3098 2326 3161 fetent
2352 3098 2438 3147 bat
2470 3097 2575 3146 sich
2610 3112 2677 3147 an

1666 3178 1825 3213 causa
1844 3162 2259 3229 angesrlilossen,
2286 3181 2328 3215 s.
2360 3164 2409 3230 1,
2441 3164 2487 3230 1,
2526 3165 2585 3227 53
2625 3165 2674 3225 3,

1668 3230 1758 3290 34,
1796 3231 1855 3289 63
1891 3230 2015 3281 iiber
2049 3233 2143 3282 den
2168 3233 2434 3284 Ausdruck
2465 3232 2553 3296 33,
2590 3232 2674 3295 13,

1671 3297 1762 3357 13;
1796 3299 1884 3361 45,
1921 3298 2013 3362 22,
2048 3299 2189 3349 8.-
2222 3302 2466 3364 consult„
2497 3302 2589 3351 der
2622 3301 2675 3351 in

1665 3365 1825 3430 Folge
1873 3367 2136 3418 derselben
2183 3386 2249 3419 zu
2292 3369 2527 3420 fassende
2576 3369 2674 3420 Be-

1666 3436 1880 3485 schlnss.
2188 3461 2195 3464 ·

1738 3503 1972 3553 10—11.
2008 3505 2184 3570 refero
2213 3506 2312 3555 wie
2345 3506 2379 3572 ξ
2417 3505 2506 3556 13:
2550 3521 2674 3557 con-

1663 3571 1776 3621 rulo
1796 3587 1845 3620 u.
1865 3576 2166 3623 censum-itis
2183 3574 2297 3624 sind
2316 3590 2412 3623 von
2435 3574 2529 3624 den
2540 3575 2675 3627 Ver·

1664 3640 1975 3703 handlungen
1999 3640 2063 3689 im
2082 3644 2206 3690 rom.
2219 3641 2405 3694 Seuate
2423 3642 2672 3694 entlebnt.

1658 3734 1733 3744 —-
1755 3713 1945 3776 occup„
1971 3723 2013 3759 5.
2037 3707 2122 3774 32,
2147 3707 2237 3772 383
2265 3710 2348 3760 40.
2373 3733 2444 3748 —
2464 3726 2675 3762 censea-

1662 3777 1732 3824 tis
1753 3801 1824 3814 -—-
1843 3779 2022 3844 repeti,
2049 3792 2092 3827 5.
2118 3777 2166 3840 2,
2193 3778 2241 3843 5,
2271 3778 2315 3828 1.
2342 3805 2411 3816 -——-
2433 3782 2601 3850 repeti
2619 3783 2672 3830 2⁸12

1658 3842 1766 3905 lib„
1791 3844 1893 3907 vgl.
1922 3860 1965 3896 c.
1996 3844 2084 3910 18,
2109 3844 2165 3896 22
2196 3849 2252 3897 in
2279 3850 2579 3899 servitutem
2603 3874 2674 3885 -——

1659 3911 1947 3968 adserendi.
1972 3941 2041 3952 —
2063 3916 2120 3964 in
2144 3913 2279 3965 med.
2307 3914 2392 3967 Gr.
2431 3916 2500 3966 ist
2535 3917 2677 3967 nieht

1659 3994 1850 4043 genau3
1876 3981 1999 4031 aber
2020 3983 2069 4032 in
2094 3983 2189 4033 der¹
2204 3982 2350 4034 Mitte
2377 3984 2517 4033 eines
2537 3984 2673 4035 Lan-

1659 4048 1747 4098 des
1771 4048 2015 4113 gelegene
2034 4051 2159 4102 Orte
2183 4051 2355 4115 gulten
2372 4051 2457 4101 als
2478 4052 2565 4102 die
2578 4068 2671 4102 u·-
