2861 4550
1004 376 1199 430 LIBER
1234 375 1478 431 xxxiv.
1533 375 1676 427 CAR.
1704 374 1752 425 6.
2303 377 2426 441 269

311 407 353 438 ι.
375 395 457 437 Oh.
480 394 575 436 195.

858 486 877 513 δ

309 535 370 597 in
399 542 698 597 aeternum
724 534 872 598 latae
900 540 1057 607 sunt,
1083 532 1302 595 nullam
1320 530 1598 610 abrogari
1628 529 1843 591 debere
1869 529 2080 602 fateor,
2109 528 2224 608 nisi
2252 549 2427 609 quam

311 628 411 683 aut
440 637 586 683 usus
617 619 882 700 coarguit
903 627 1005 681 aut
1032 626 1217 680 status
1248 616 1453 696 aliquis
1482 616 1567 677 rei
1587 613 1849 696 publicae
1868 613 2134 679 inutilem
2167 614 2314 689 fecit,
2345 616 2428 676 sic

311 724 458 786 quas
489 717 753 786 tempora
779 703 1400 785 aliqua·desiderarunt
1420 703 1594 780 leges,
1622 700 1918 774 mortales,
1946 707 2012 760 ut
2030 699 2111 761 ita
2131 700 2340 773 dicam,
2373 710 2430 762 et

311 790 672 871 temporibus
700 790 850 871 ipsis
879 788 1187 851 mutabiles
1217 807 1349 850 esse
1377 787 1566 851 video.
1631 804 1777 866 quae
1811 785 1873 849 in
1910 804 2052 865 pace
2088 785 2233 847 latae
2270 795 2426 857 sunt,

308 876 656 957 plerumque
681 876 895 941 bellum
924 874 1187 954 abrogat,
1218 892 1366 953 quae
1393 871 1456 934 in
1484 871 1656 942 bello,
1685 889 1829 951 pax,
1867 879 1933 932 ut
1961 870 2022 932 in
2049 871 2209 933 navis
2241 872 2425 935 admi-

308 961 656 1024 nistratione
680 962 788 1023 alia
816 961 879 1023 in
905 960 1168 1023 secunda·
1198 959 1303 1021 alia
1340 958 1401 1021 in
1441 958 1683 1021 adversa
1719 963 2063 1036 tempestate
2100 955 2228 1018 usui
2271 966 2426 1023 sunt.

309 1048 456 1111 haec
484 1065 618 1109 cum
647 1047 726 1109 ita
754 1055 962 1109 natura
987 1045 1260 1106 distincta
1289 1043 1437 1117 sint,
1478 1062 1549 1104 ex
1575 1049 1709 1105 utro
1740 1042 1981 1103 tandem
2006 1059 2216 1120 genere
2244 1060 2312 1104 ea
2338 1043 2427 1103 lex

308 1150 443 1195 esse
465 1132 706 1207 videtur,
737 1150 915 1212 quam
935 1126 1329 1209 abrogamus?
1357 1128 1577 1209 quippe
1598 1135 1762 1191 vetus
1783 1127 1939 1206 regia
1958 1128 2068 1213 lex,
2100 1127 2275 1188 simul
2294 1146 2428 1191 cum

308 1218 440 1299 ipsa
464 1218 610 1281 urbe
637 1225 803 1292 nata,
845 1226 972 1291 aut,
1012 1216 1171 1296 quod
1203 1214 1529 1277 secundum
1557 1221 1673 1287 est,
1710 1213 1782 1275 ab
1811 1211 2153 1275 decemviris
2182 1214 2254 1277 ad
2285 1231 2427 1275 con-

303 1304 502 1366 denda
542 1304 670 1366 iura
713 1302 917 1367 creatis
963 1301 1027 1362 in
1070 1300 1382 1365 duodecim
1424 1298 1634 1361 tabulis
1678 1299 1926 1378 scripta,
1967 1298 2095 1359 sine
2140 1316 2254 1378 qua
2294 1316 2428 1361 cum

305 1389 563 1451 maiores
591 1388 783 1451 nostri
821 1405 947 1450 non
982 1385 1372 1452 existimarint
1409 1385 1588 1447 decus
1626 1384 1943 1447 matronale
1981 1385 2209 1447 servari,
2235 1403 2432 1464 posse,

309 1473 484 1535 nobis
516 1493 750 1554 quoque
775 1472 1226 1545 verendumsit,
1261 1489 1339 1532 ne
1368 1489 1505 1532 cum
1535 1489 1601 1531 ea
1632 1470 1921 1549 pudorem
1951 1469 2431 1552 sanctitatemque
2524 1526 2533 1531 .

314 1558 662 1625 feminarum
707 1556 1085 1638 abrogemus!
1150 1556 1283 1636 quis
1325 1556 1504 1634 igitur
1547 1554 1732 1617 nescit
1774 1573 1982 1619 novam
2028 1555 2203 1619 istam
2244 1557 2429 1635 legem

312 1662 474 1718 esse,
502 1645 585 1718 Q.
625 1643 804 1705 Fabio
843 1651 901 1705 et
940 1643 1028 1704 Ti.
1069 1641 1422 1722 Sempronio
1463 1640 1800 1703 consulibus
1838 1640 2038 1720 viginti
2082 1649 2217 1702 ante
2261 1642 2428 1702 annis

313 1726 532 1792 latam?
573 1729 706 1790 sine
734 1747 847 1808 qua
879 1747 1014 1790 cum
1042 1746 1152 1808 per
1188 1735 1278 1789 tot
1316 1745 1506 1791 annos
1545 1734 1847 1788 matronae
1886 1725 2124 1805 optimis
2162 1720 2429 1789 moribus

314 1813 582 1889 vixerint,
625 1815 781 1895 quod
811 1813 1078 1886 tandem,
1116 1830 1193 1874 ne
1215 1812 1497 1892 abrogata
1525 1831 1594 1875 ea
1622 1812 1992 1876 effundantur
2020 1812 2090 1873 ad
2118 1812 2429 1885 luxuriam,

313 1898 634 1978 periculum
665 1896 798 1961 est?
823 1917 964 1960 nam
993 1898 1043 1959 si
1070 1897 1183 1960 ista
1209 1898 1299 1959 lex
1325 1899 1599 1960 ideoslata
1628 1906 1801 1971 esset,
1830 1904 1898 1959 ut
1918 1897 2112 1959 finiret
2130 1897 2428 1961 libidinem

314 1983 676 2059 muliebrem,
708 1986 1028 2049 verendum
1058 1985 1234 2058 foret,
1275 2002 1348 2045 ne
1376 1985 1652 2063 abrogata
1682 1983 1968 2045 incitaret:
2002 2001 2106 2044 cur
2135 1981 2209 2044 sit
2238 1990 2430 2044 autem

312 2201 471 2253 bonde
490 2203 590 2253 und
608 2220 703 2253 nur
719 2202 1165 2268 voriibergehende
1186 2202 1318 2255 Ver-

1413 2203 1608 2252 ⁴zweite
1651 2201 1849 2268 Epoche
1898 2201 1989 2252 der
2029 2199 2428 2265 Gesetzgebung‚

311 2269 889 2336 waltnngsmassregeln.
906 2300 977 2310 ——
992 2278 1045 2323 in
1065 2278 1243 2333 aeter„
1269 2270 1318 2319 in

1425 2270 1530 2334 vgl.
1564 2287 1607 2322 c.
1642 2270 1696 2329 5,
1735 2270 1791 2333 9,
1826 2268 2241 2322 wird'bestimmt
2277 2271 2431 2321 durch

313 2340 484 2403 Bezng
506 2340 596 2391 auf
613 2343 721 2391 nisi
736 2342 928 2406 -seeit
951 2339 1320 2389 iibertreibend.

313 2422 467 2473 quam
490 2409 626 2458 steht
648 2408 786 2458 nicht
809 2409 857 2457 in
883 2409 975 2459 der
994 2408 1158 2457 Bamb.
1180 2405 1321 2470 Eds„

312 2474 468 2524 allein
500 2476 589 2524 das
621 2474 809 2525 Fehlen
854 2474 1120 2526 desselben
1163 2474 1320 2536 wiire,

313 2541 541 2605 obgleicb
558 2559 672 2593 eam
683 2543 895 2606 gedacht
904 2544 1107 2593 werden
1116 2543 1321 2606 konnte,

258 2631 263 2635 ·
313 2610 445 2660 hart.
467 2636 538 2650 --
568 2614 829 2677 coarguit,
865 2609 1090 2661 Pei-fect:
1124 2610 1200 2661 als
1233 2626 1323 2659 un-

316 2678 490 2741 n'othig
513 2679 636 2728 oder
657 2679 910 2729 schiidlicb
929 2679 1200 2741 dai-gethan
1219 2679 1323 2742 hat,

315 2745 357 2795 ε’.
384 2761 427 2795 c.
454 2745 542 2813 54,
570 2746 618 2797 8.
643 2771 709 2783 --
737 2748 1001 2827 temporib.
1023 2748 1145 2817 ips„
1176 2761 1321 2796 wenn

314 2814 449 2865 nicht
465 2831 581 2866 cum
596 2814 739 2878 fehlt,
758 2814 1114 2867 frenerAhlat.=
1133 2815 1320 2878 gei-ade

316 2884 471 2933 durch
495 2884 574 2934 die
599 2900 647 2933 u.
675 2899 720 2947 s.
742 2899 806 2933 W.
954 2901 958 2906 ·

388 2952 417 3000 7
427 2978 495 2988 —
511 2951 590 3001 18.
628 2952 728 3002 Das
763 2951 1087 3014 vorliegende
1112 2950 1318 3013 Gesetz‚

315 3035 410 3070 nur
432 3018 515 3070 fiir
538 3019 820 3070 bestimmte
843 3019 1198 3070 Verhiiitnisse
1231 3034 1320 3082 ge-

316 3088 497 3151 geben,
539 3102 677 3137 muss
721 3088 812 3138 mit
845 3088 1016 3137 diesen
1052 3086 1221 3137 fallen.
1252 3114 1322 3124 —-

314 3156 571 3218 distincta,
596 3156 694 3218 vgl.
710 3156 756 3217 5,
768 3156 814 3221 4,
827 3156 875 3206 4.
899 3181 963 3191 ——
989 3156 1319 3220 abrogamus,

316 3238 360 3273 c.
402 3221 456 3286 1,
490 3223 537 3272 7.
564 3226 846 3341 -ο-Ηφιίρρο
865 3252 934 3261 -
958 3227 1055 3275 aut
1084 3224 1152 3274 ist
1184 3223 1322 3273 nicht

316 3291 505 3353 sicher,
530 3290 611 3341 die
681 3292 783 3341 dss.
810 3292 967 3343 haben
990 3307 1124 3359 quae
1149 3291 1319 3358 (quia)

314 3387 376 3396 —-
405 3375 502 3421 an,·
528 3359 724 3409 Andere
748 3360 885 3411 lesen
910 3376 978 3411 m
999 3387 1069 3399 —-·-
1084 3377 1168 3423 an,
1193 3360 1320 3410 wel-

314 3428 432 3478 ches
473 3428 699 3492 weniger
734 3430 948 3495 passend
995 3430 1210 3496 scheint,
1258 3428 1321 3479 da

312 3498 425 3547 sine
446 3513 548 3562 qua
571 3497 669 3546 wol
703 3493 795 3547 auf
819 3497 962 3548 beide
987 3496 1196 3548 Classen
1228 3497 1321 3546 der
1417 3517 1418 3520 ¹

307 3564 537 3616 Gesetze
569 3566 716 3628 geht3
752 3569 848 3616 aut
878 3567 1086 3617 sondert
1119 3581 1215 3616 mu·
1240 3565 1319 3614 die

312 3631 486 3696 Fano,
534 3632 626 3684 anf
664 3634 854 3684 welche
901 3634 1006 3683 sicli
1046 3634 1125 3684 die
1165 3634 1320 3683 durch

313 3704 497 3771 quippe
518 3702 850 3765 nngedeutete
871 3701 1005 3751 dann
1029 3702 1077 3752 in
1096 3704 1206 3752 sime
1288 3717 1321 3751 a

313 3770 647 3834 fortgesetzte
682 3768 848 3820 Ironie
883 3769 1104 3831 bezieM,
1139 3783 1180 3820 s,
1216 3718 1320 3819 gite.

313 3838 437 3889 Aod.
461 3839 520 3902 2,
556 3839 612 3903 7,
646 3837 739 3899 213
775 3836 916 3888 Lael.
949 3837 1034 3900 12,
1059 3836 1152 3897 413
1188 3835 1321 3887 Sest.

316 3904 405 3967 21,
452 3906 515 3956 47
550 3923 600 3957 u.
633 3922 678 3956 a.
714 3934 776 3944 -—
813 3908 964 3971 regia
999 3905 1152 3954 nicht:
1197 3905 1321 3968 die,

316 3974 534 4023 sondern
555 3975 672 4025 eine
693 3975 782 4026 lea:
802 3977 974 4040 regia,
1010 3973 1058 4022 d.
1082 3975 1127 4023 h.
1153 3972 1201 4021 in
1231 3974 1324 4022 der

317 4038 493 4090 Urzeit
532 4043 619 4091 des
661 4042 862 4094 stantes
908 4041 1190 4105 gegebeneg
1242 4040 1321 4092 die

1428 2337 1565 2403 quod
1585 2353 1684 2387 sec.
1710 2342 1790 2387 est
1809 2339 2135 2405 augmentet,
2165 2339 2269 2402 vgl.
2296 2338 2353 2399 6,
2385 2339 2428 2402 1,

1432 2405 1512 2455 10.
1534 2432 1605 2441 -
1627 2404 1698 2455 ad
1721 2408 1841 2456 iura
1874 2404 2038 2468 cond„
2076 2404 2130 2468 3,
2168 2405 2258 2472 58,
2290 2405 2339 2457 2.
2364 2431 2432 2442 —-

1427 2475 1543 2523 sine
1566 2489 1664 2538 qua
1689 2472 1937 2535 fulget-nd:
1970 2478 2031 2524 ut
2058 2475 2173 2524 sine
2194 2491 2255 2525 ea
2286 2491 2430 2535 cum,-

1427 2544 1539 2592 εἰπε
1570 2558 1654 2607 ea,
1688 2541 1787 2590 wie
1819 2543 2035 2591 nachher
2066 2555 2182 2594 cum
2204 2560 2265 2596 ea
2287 2543 2432 2594 einen

1428 2610 1550 2661 Sntz
1569 2610 1888 2660 vertretend:
1913 2612 1964 2659 si
1979 2621 2090 2660 eam
2105 2627 2209 2662 non
2226 2613 2433 2664 habuis-

1427 2683 1570 2741 senm-
1606 2679 1657 2729 si
1689 2693 1802 2727 eam
1822 2679 2154 2743 abrogamus.
2180 2707 2243 2715 —-
2268 2682 2434 2744 igz'tur

1428 2746 1529 2797 soll
1560 2746 1834 2808 audentea,
1866 2746 1985 2795 dass
2020 2747 2123 2796 sich
2159 2748 2239 2797 die
2273 2747 2432 2797 Sache

1428 2831 1528 2865 von
1556 2813 1718 2864 selbst
1747 2814 2010 2877 ver-stebe,
2043 2814 2336 2877 eigentlich:
2373 2815 2433 2864 da

1428 2883 1571 2932 keins
1596 2899 1693 2933 von
1716 2882 1895 2931 beiden
1918 2882 2002 2945 ist,
2027 2897 2084 2931 so
2109 2881 2239 2947 folgt
2263 2883 2434 2933 natiir-

1428 2951 1542 3001 lich.
1562 2952 1750 3015 -vig.
1774 2965 1821 2999 a.
1848 2965 1895 3000 α.
1924 2949 2112 3015 spricbt
2135 2949 2193 3000 L.
2216 2966 2315 3000 von
2333 2951 2434 3001 sei-

1432 3033 1542 3069 nem
1568 3017 1940 3082 Standpunkte,
1968 3033 2067 3067 von
2091 3019 2202 3068 dem
2226 3018 2315 3069 des
2338 3018 2436 3070 Re-

1428 3086 1623 3136 denden
1649 3086 1822 3145 wiirde
1847 3102 1957 3137 man
1983 3090 2102 3136 ante
2133 3089 2237 3153 vig.
2270 3104 2436 3139 aureos

1429 3155 1553 3204 oder
1574 3154 1752 3205 abhinc
1774 3161 2043 3219 erwarten,
2063 3170 2103 3205 S.
2129 3153 2228 3205 Cic.
2256 3155 2360 3207 Cat.
2388 3155 2432 3221 3,

1434 3223 1488 3286 1,
1521 3221 1578 3284 33
1615 3221 1740 3272 iiber
1761 3223 1841 3272 die
1866 3222 2025 3273 Saebe
2050 3239 2092 3273 s·
2126 3240 2170 3274 c.
2209 3223 2256 3289 1,
2294 3224 2340 3275 3.
2367 3253 2436 3261 -—-

1428 3289 1624 3356 effund.
1657 3290 1727 3342 ad
1754 3291 1851 3341 wie
1876 3291 1961 3354 44,
1985 3290 2077 3354 31,
2108 3292 2192 3342 13:
2226 3292 2297 3343 ad
2312 3309 2433 3362 pre-

1427 3375 1510 3410 ces
1532 3387 1601 3397 —
1625 3362 1853 3425 effusus,
1886 3368 2029 3410 sonst
2051 3361 2141 3411 mit
2170 3363 2248 3425 in,
2284 3376 2326 3411 S.
2353 3361 2435 3428 25,

1426 3427 1510 3492 20,
1535 3427 1704 3492 6336‚
1734 3428 1808 3493 11,
1836 3427 1866 3480 3
1893 3444 1940 3479 u.
1967 3444 2013 3479 a.

1501 3564 1737 3615 10-14,
1769 3579 1890 3616 nam
1914 3566 1966 3614 si
1985 3571 2083 3615 etc.
2105 3564 2304 3618 bezieht
2329 3568 2433 3617 sich

1426 3631 1518 3683 anf
1536 3633 1632 3683 den
1656 3633 1923 3695 negativen
1949 3631 2242 3685 Gedanken:
2277 3650 2332 3685 es
2368 3635 2436 3685 ist

1427 3701 1576 3750 keine
1611 3698 1822 3764 Gefahr,
1859 3702 1985 3750 deun
2019 3702 2109 3752 das
2145 3702 2333 3754 Gesetz
2368 3702 2438 3751 ist

1427 3784 1521 3831 gar
1543 3768 1680 3817 nicht
1711 3784 1776 3818 zu
1809 3771 1918 3819 dem
1943 3768 2162 3821 Zwecke
2196 3770 2435 3833 gegeben.

1428 3836 1568 3899 idac,
1611 3837 1768 3887 davor
1800 3837 1869 3889 ist
1898 3838 2042 3889 viell.
2076 3840 2156 3888 ein
2194 3836 2431 3888 Gedanke

1428 3904 1757 3969 nusgefnllen,
1784 3907 1847 3957 da
1871 3906 1949 3957 die
1969 3907 2084 3956 Hss,
2105 3906 2192 3955 lex
2214 3904 2432 3956 antideo

1427 3971 1603 4023 baben.
1637 4000 1706 4010 —
1724 3973 1926 4040 finiret,
1971 3973 2109 4036 Ziel,
2144 3972 2432 4023 Schranken

1429 4048 1621 4106 setzen,
1634 4041 1694 4105 ,8,
1726 4042 1803 4105 12,
1835 4041 1913 4091 12.
1939 4069 2005 4077 ——-
2028 4042 2209 4106 abr-og.
2235 4043 2361 4105 inc„
2389 4059 2431 4091 c.

2476 1906 2537 1956 10
