<?xml version="1.0" encoding="UTF-8"?>
<!DOCTYPE html PUBLIC "-//W3C//DTD XHTML 1.0 Transitional//EN"
    "http://www.w3.org/TR/xhtml1/DTD/xhtml1-transitional.dtd">
<html xmlns="http://www.w3.org/1999/xhtml" xml:lang="en" lang="en">
 <head>
  <title>
</title>
<meta http-equiv="Content-Type" content="text/html;charset=utf-8" />
  <meta name='ocr-system' content='tesseract 3.04.00' />
  <meta name='ocr-capabilities' content='ocr_page ocr_carea ocr_par ocr_line ocrx_word'/>
</head>
<body>
  <div class='ocr_page' id='page_1' title='image "./titiliviaburbec11livygoog_0274.png"; bbox 0 0 2861 4550; ppageno 0'>
   <div class='ocr_carea' id='block_1_1' title="bbox 429 307 553 368">
    <p class='ocr_par' dir='ltr' id='par_1_1' title="bbox 429 307 553 368">
     <span class='ocr_line' id='line_1_1' title="bbox 429 307 553 368; baseline 0.016 -2"><span class='ocrx_word' id='word_1_1' title='bbox 429 307 553 368; x_wconf 86' lang='grc'>266</span> 
     </span>
    </p>
   </div>
   <div class='ocr_carea' id='block_1_2' title="bbox 1079 303 2548 382">
    <p class='ocr_par' dir='ltr' id='par_1_2' title="bbox 1079 303 2548 382">
     <span class='ocr_line' id='line_1_2' title="bbox 1079 303 2548 382; baseline 0.002 -27"><span class='ocrx_word' id='word_1_2' title='bbox 1079 304 1271 356; x_wconf 70' lang='lat' dir='ltr'>maen</span> <span class='ocrx_word' id='word_1_3' title='bbox 1307 303 1552 355; x_wconf 78' lang='lat' dir='ltr'>xxxiv.</span> <span class='ocrx_word' id='word_1_4' title='bbox 1604 303 1744 355; x_wconf 79' lang='lat' dir='ltr'><strong>CAP.</strong></span> <span class='ocrx_word' id='word_1_5' title='bbox 1773 305 1819 355; x_wconf 88' lang='lat'>4.</span> <span class='ocrx_word' id='word_1_6' title='bbox 1850 305 1896 354; x_wconf 85' lang='lat'>5.</span> <span class='ocrx_word' id='word_1_7' title='bbox 2324 328 2360 357; x_wconf 49' lang='grc' dir='ltr'>ι.</span> <span class='ocrx_word' id='word_1_8' title='bbox 2385 329 2425 355; x_wconf 76' lang='lat' dir='ltr'>u.</span> <span class='ocrx_word' id='word_1_9' title='bbox 2449 318 2548 382; x_wconf 67' lang='lat'>559.</span> 
     </span>
    </p>
   </div>
   <div class='ocr_carea' id='block_1_3' title="bbox 430 458 2553 623">
    <p class='ocr_par' dir='ltr' id='par_1_3' title="bbox 430 458 2553 623">
     <span class='ocr_line' id='line_1_3' title="bbox 430 458 2548 538; baseline -0.001 -19"><span class='ocrx_word' id='word_1_10' title='bbox 430 459 564 522; x_wconf 87' lang='lat' dir='ltr'>dam</span> <span class='ocrx_word' id='word_1_11' title='bbox 595 458 922 538; x_wconf 82' lang='lat' dir='ltr'>impetrant,</span> <span class='ocrx_word' id='word_1_12' title='bbox 952 459 1232 520; x_wconf 85' lang='lat' dir='ltr'>adversus</span> <span class='ocrx_word' id='word_1_13' title='bbox 1262 466 1318 520; x_wconf 87' lang='lat' dir='ltr'>te</span> <span class='ocrx_word' id='word_1_14' title='bbox 1346 467 1403 520; x_wconf 89' lang='lat' dir='ltr'>et</span> <span class='ocrx_word' id='word_1_15' title='bbox 1429 477 1555 524; x_wconf 88' lang='lat' dir='ltr'>rem</span> <span class='ocrx_word' id='word_1_16' title='bbox 1587 466 1744 524; x_wconf 83' lang='lat' dir='ltr'>tuam</span> <span class='ocrx_word' id='word_1_17' title='bbox 1778 467 1835 521; x_wconf 86' lang='lat' dir='ltr'>et</span> <span class='ocrx_word' id='word_1_18' title='bbox 1861 458 2081 524; x_wconf 80' lang='lat' dir='ltr'>liberos</span> <span class='ocrx_word' id='word_1_19' title='bbox 2114 467 2250 522; x_wconf 84' lang='lat' dir='ltr'>tuos</span> <span class='ocrx_word' id='word_1_20' title='bbox 2280 458 2548 526; x_wconf 60' lang='lat' dir='ltr'>inexora-</span> 
     </span>
     <span class='ocr_line' id='line_1_4' title="bbox 430 543 2553 623; baseline 0.001 -20"><span class='ocrx_word' id='word_1_21' title='bbox 430 543 591 604; x_wconf 86' lang='lat' dir='ltr'>bilis:</span> <span class='ocrx_word' id='word_1_22' title='bbox 628 543 801 605; x_wconf 88' lang='lat' dir='ltr'>simul</span> <span class='ocrx_word' id='word_1_23' title='bbox 828 544 920 605; x_wconf 83' lang='lat' dir='ltr'>lex</span> <span class='ocrx_word' id='word_1_24' title='bbox 949 545 1192 606; x_wconf 87' lang='lat' dir='ltr'>modum</span> <span class='ocrx_word' id='word_1_25' title='bbox 1226 545 1561 623; x_wconf 76' lang='lat' dir='ltr'>sumptibus</span> <span class='ocrx_word' id='word_1_26' title='bbox 1592 544 1791 607; x_wconf 86' lang='lat' dir='ltr'>uxoris</span> <span class='ocrx_word' id='word_1_27' title='bbox 1822 553 1953 608; x_wconf 85' lang='lat' dir='ltr'>tuae</span> <span class='ocrx_word' id='word_1_28' title='bbox 1982 547 2168 608; x_wconf 84' lang='lat' dir='ltr'>facere</span> <span class='ocrx_word' id='word_1_29' title='bbox 2199 543 2453 617; x_wconf 83' lang='lat' dir='ltr'>desierit,</span> <span class='ocrx_word' id='word_1_30' title='bbox 2487 551 2553 606; x_wconf 88' lang='lat' dir='ltr'>tu</span> 
     </span>
    </p>
   </div>
   <div class='ocr_carea' id='block_1_4' title="bbox 328 629 2550 710">
    <p class='ocr_par' dir='ltr' id='par_1_4' title="bbox 328 629 2550 710">
     <span class='ocr_line' id='line_1_5' title="bbox 328 629 2550 710; baseline -0.002 -15"><span class='ocrx_word' id='word_1_31' title='bbox 328 642 390 696; x_wconf 81' lang='lat'>19</span> <span class='ocrx_word' id='word_1_32' title='bbox 431 647 753 707; x_wconf 80' lang='lat' dir='ltr'><strong>numquam</strong></span> <span class='ocrx_word' id='word_1_33' title='bbox 779 629 970 690; x_wconf 76' lang='lat' dir='ltr'>facies·</span> <span class='ocrx_word' id='word_1_34' title='bbox 1030 630 1210 692; x_wconf 88' lang='lat' dir='ltr'>nolite</span> <span class='ocrx_word' id='word_1_35' title='bbox 1233 630 1442 692; x_wconf 88' lang='lat' dir='ltr'>eodem</span> <span class='ocrx_word' id='word_1_36' title='bbox 1465 630 1596 691; x_wconf 85' lang='lat' dir='ltr'>loeo</span> <span class='ocrx_word' id='word_1_37' title='bbox 1621 631 1953 692; x_wconf 82' lang='lat' dir='ltr'>existimare</span> <span class='ocrx_word' id='word_1_38' title='bbox 1974 632 2230 694; x_wconf 85' lang='lat' dir='ltr'>futuram</span> <span class='ocrx_word' id='word_1_39' title='bbox 2253 648 2400 703; x_wconf 89' lang='lat' dir='ltr'>rem,</span> <span class='ocrx_word' id='word_1_40' title='bbox 2432 647 2550 710; x_wconf 85' lang='lat' dir='ltr'>quo</span> 
     </span>
    </p>
   </div>
   <div class='ocr_carea' id='block_1_5' title="bbox 433 714 2560 965">
    <p class='ocr_par' dir='ltr' id='par_1_5' title="bbox 433 714 2560 965">
     <span class='ocr_line' id='line_1_6' title="bbox 433 714 2558 796; baseline 0.001 -22"><span class='ocrx_word' id='word_1_41' title='bbox 433 714 541 776; x_wconf 88' lang='lat' dir='ltr'>fuit</span> <span class='ocrx_word' id='word_1_42' title='bbox 577 722 889 793; x_wconf 80' lang='lat' dir='ltr'>antequam</span> <span class='ocrx_word' id='word_1_43' title='bbox 927 715 1017 775; x_wconf 88' lang='lat' dir='ltr'>lex</span> <span class='ocrx_word' id='word_1_44' title='bbox 1057 716 1128 777; x_wconf 89' lang='lat' dir='ltr'>de</span> <span class='ocrx_word' id='word_1_45' title='bbox 1166 715 1283 777; x_wconf 90' lang='lat' dir='ltr'>hoc</span> <span class='ocrx_word' id='word_1_46' title='bbox 1311 716 1577 780; x_wconf 87' lang='lat' dir='ltr'>ferretur.</span> <span class='ocrx_word' id='word_1_47' title='bbox 1638 725 1696 778; x_wconf 90' lang='lat' dir='ltr'>et</span> <span class='ocrx_word' id='word_1_48' title='bbox 1729 716 2028 780; x_wconf 88' lang='lat' dir='ltr'>hominem</span> <span class='ocrx_word' id='word_1_49' title='bbox 2064 715 2404 796; x_wconf 86' lang='lat' dir='ltr'>improbum</span> <span class='ocrx_word' id='word_1_50' title='bbox 2431 732 2558 776; x_wconf 86' lang='lat' dir='ltr'>non</span> 
     </span>
     <span class='ocr_line' id='line_1_7' title="bbox 433 799 2558 880; baseline -0 -20"><span class='ocrx_word' id='word_1_51' title='bbox 433 799 689 862; x_wconf 87' lang='lat' dir='ltr'>accusari</span> <span class='ocrx_word' id='word_1_52' title='bbox 719 800 899 866; x_wconf 86' lang='lat' dir='ltr'>tutius</span> <span class='ocrx_word' id='word_1_53' title='bbox 928 808 1018 861; x_wconf 90' lang='lat' dir='ltr'>est</span> <span class='ocrx_word' id='word_1_54' title='bbox 1047 805 1222 880; x_wconf 75' lang='lat' dir='ltr'>quam</span> <span class='ocrx_word' id='word_1_55' title='bbox 1254 800 1495 874; x_wconf 86' lang='lat' dir='ltr'>absolvi,</span> <span class='ocrx_word' id='word_1_56' title='bbox 1523 809 1586 862; x_wconf 86' lang='lat' dir='ltr'>et</span> <span class='ocrx_word' id='word_1_57' title='bbox 1610 801 1833 864; x_wconf 79' lang='lat' dir='ltr'>luxuria</span> <span class='ocrx_word' id='word_1_58' title='bbox 1865 819 1990 864; x_wconf 88' lang='lat' dir='ltr'>non</span> <span class='ocrx_word' id='word_1_59' title='bbox 2018 809 2179 863; x_wconf 88' lang='lat' dir='ltr'>mota</span> <span class='ocrx_word' id='word_1_60' title='bbox 2204 799 2558 862; x_wconf 81' lang='lat' dir='ltr'>tolerabilior</span> 
     </span>
     <span class='ocr_line' id='line_1_8' title="bbox 433 885 2560 965; baseline 0.001 -19"><span class='ocrx_word' id='word_1_61' title='bbox 433 893 614 959; x_wconf 87' lang='lat' dir='ltr'>esset,</span> <span class='ocrx_word' id='word_1_62' title='bbox 652 904 826 965; x_wconf 86' lang='lat' dir='ltr'>quam</span> <span class='ocrx_word' id='word_1_63' title='bbox 867 886 979 947; x_wconf 84' lang='lat' dir='ltr'>erit</span> <span class='ocrx_word' id='word_1_64' title='bbox 1021 905 1206 958; x_wconf 89' lang='lat' dir='ltr'>nunc,</span> <span class='ocrx_word' id='word_1_65' title='bbox 1246 886 1393 964; x_wconf 88' lang='lat' dir='ltr'>ipsis</span> <span class='ocrx_word' id='word_1_66' title='bbox 1434 886 1679 948; x_wconf 87' lang='lat' dir='ltr'>vinculis</span> <span class='ocrx_word' id='word_1_67' title='bbox 1711 886 1861 949; x_wconf 82' lang='lat' dir='ltr'>sicut</span> <span class='ocrx_word' id='word_1_68' title='bbox 1890 887 2044 949; x_wconf 84' lang='lat' dir='ltr'>serae</span> <span class='ocrx_word' id='word_1_69' title='bbox 2073 887 2293 948; x_wconf 83' lang='lat' dir='ltr'>hestiae</span> <span class='ocrx_word' id='word_1_70' title='bbox 2321 885 2560 958; x_wconf 78' lang='lat' dir='ltr'>irritata,</span> 
     </span>
    </p>
   </div>
   <div class='ocr_carea' id='block_1_6' title="bbox 327 970 2556 1052">
    <p class='ocr_par' dir='ltr' id='par_1_6' title="bbox 327 970 2556 1052">
     <span class='ocr_line' id='line_1_9' title="bbox 327 970 2556 1052; baseline -0.001 -18"><span class='ocrx_word' id='word_1_71' title='bbox 327 984 391 1034; x_wconf 86' lang='lat'>20</span> <span class='ocrx_word' id='word_1_72' title='bbox 433 971 639 1032; x_wconf 85' lang='lat' dir='ltr'>deinde</span> <span class='ocrx_word' id='word_1_73' title='bbox 670 970 904 1032; x_wconf 88' lang='lat' dir='ltr'>emissa.</span> <span class='ocrx_word' id='word_1_74' title='bbox 964 989 1072 1050; x_wconf 85' lang='lat' dir='ltr'>ego</span> <span class='ocrx_word' id='word_1_75' title='bbox 1101 971 1262 1033; x_wconf 87' lang='lat' dir='ltr'>nullo</span> <span class='ocrx_word' id='word_1_76' title='bbox 1291 972 1473 1033; x_wconf 88' lang='lat' dir='ltr'>modo</span> <span class='ocrx_word' id='word_1_77' title='bbox 1505 972 1901 1051; x_wconf 83' lang='lat' dir='ltr'>abrogandam</span> <span class='ocrx_word' id='word_1_78' title='bbox 1930 972 2115 1052; x_wconf 86' lang='lat' dir='ltr'>legem</span> <span class='ocrx_word' id='word_1_79' title='bbox 2139 970 2392 1052; x_wconf 79' lang='lat' dir='ltr'>Oppiam</span> <span class='ocrx_word' id='word_1_80' title='bbox 2417 988 2556 1032; x_wconf 89' lang='lat' dir='ltr'>cen-</span> 
     </span>
    </p>
   </div>
   <div class='ocr_carea' id='block_1_7' title="bbox 432 1056 2566 2078">
    <p class='ocr_par' dir='ltr' id='par_1_7' title="bbox 434 1056 2144 1135">
     <span class='ocr_line' id='line_1_10' title="bbox 434 1056 2144 1135; baseline 0.001 -18"><span class='ocrx_word' id='word_1_81' title='bbox 434 1076 556 1118; x_wconf 88' lang='lat' dir='ltr'>seo.</span> <span class='ocrx_word' id='word_1_82' title='bbox 618 1075 722 1117; x_wconf 88' lang='lat' dir='ltr'>vos</span> <span class='ocrx_word' id='word_1_83' title='bbox 754 1057 908 1135; x_wconf 89' lang='lat' dir='ltr'>quod</span> <span class='ocrx_word' id='word_1_84' title='bbox 940 1056 1150 1130; x_wconf 60' lang='lat' dir='ltr'>faxim,</span> <span class='ocrx_word' id='word_1_85' title='bbox 1180 1058 1323 1117; x_wconf 89' lang='lat' dir='ltr'>deos</span> <span class='ocrx_word' id='word_1_86' title='bbox 1356 1057 1551 1127; x_wconf 89' lang='lat' dir='ltr'>omnis</span> <span class='ocrx_word' id='word_1_87' title='bbox 1582 1058 1880 1122; x_wconf 82' lang='lat' dir='ltr'>fortunare</span> <span class='ocrx_word' id='word_1_88' title='bbox 1908 1058 2144 1122; x_wconf 84' lang='lat' dir='ltr'>velim.“</span> 
     </span>
    </p>

    <p class='ocr_par' dir='ltr' id='par_1_8' title="bbox 432 1142 2566 2078">
     <span class='ocr_line' id='line_1_11' title="bbox 601 1142 2558 1223; baseline -0.002 -19"><span class='ocrx_word' id='word_1_89' title='bbox 601 1142 746 1204; x_wconf 85' lang='lat' dir='ltr'><strong>Post</strong></span> <span class='ocrx_word' id='word_1_90' title='bbox 769 1142 912 1203; x_wconf 87' lang='lat' dir='ltr'>haec</span> <span class='ocrx_word' id='word_1_91' title='bbox 933 1142 1148 1203; x_wconf 82' lang='lat' dir='ltr'>tribuni</span> <span class='ocrx_word' id='word_1_92' title='bbox 1173 1161 1406 1222; x_wconf 86' lang='lat' dir='ltr'>quoque</span> <span class='ocrx_word' id='word_1_93' title='bbox 1427 1142 1599 1223; x_wconf 87' lang='lat' dir='ltr'>plebi,</span> <span class='ocrx_word' id='word_1_94' title='bbox 1632 1143 1730 1223; x_wconf 86' lang='lat' dir='ltr'>qui</span> <span class='ocrx_word' id='word_1_95' title='bbox 1753 1164 1819 1205; x_wconf 92' lang='lat' dir='ltr'>se</span> <span class='ocrx_word' id='word_1_96' title='bbox 1842 1144 2271 1206; x_wconf 78' lang='lat' dir='ltr'>intercessuros</span> <span class='ocrx_word' id='word_1_97' title='bbox 2300 1142 2558 1221; x_wconf 79' lang='lat' dir='ltr'>professi</span> 
     </span>
     <span class='ocr_line' id='line_1_12' title="bbox 432 1227 2558 1306; baseline 0 -18"><span class='ocrx_word' id='word_1_98' title='bbox 432 1234 611 1301; x_wconf 85' lang='lat' dir='ltr'>erant,</span> <span class='ocrx_word' id='word_1_99' title='bbox 643 1246 777 1288; x_wconf 89' lang='lat' dir='ltr'>cum</span> <span class='ocrx_word' id='word_1_100' title='bbox 801 1246 982 1306; x_wconf 85' lang='lat' dir='ltr'>pauca</span> <span class='ocrx_word' id='word_1_101' title='bbox 1013 1228 1075 1290; x_wconf 88' lang='lat' dir='ltr'>in</span> <span class='ocrx_word' id='word_1_102' title='bbox 1105 1229 1348 1289; x_wconf 84' lang='lat' dir='ltr'>eandem</span> <span class='ocrx_word' id='word_1_103' title='bbox 1373 1227 1721 1290; x_wconf 81' lang='lat' dir='ltr'>sententiam</span> <span class='ocrx_word' id='word_1_104' title='bbox 1746 1227 2108 1302; x_wconf 87' lang='lat' dir='ltr'>adiecissent,</span> <span class='ocrx_word' id='word_1_105' title='bbox 2141 1236 2264 1292; x_wconf 81' lang='lat' dir='ltr'>tum</span> <span class='ocrx_word' id='word_1_106' title='bbox 2295 1228 2359 1289; x_wconf 91' lang='lat' dir='ltr'>L.</span> <span class='ocrx_word' id='word_1_107' title='bbox 2391 1227 2558 1304; x_wconf 83' lang='lat' dir='ltr'>Vale-</span> 
     </span>
     <span class='ocr_line' id='line_1_13' title="bbox 434 1312 2559 1393; baseline -0 -20"><span class='ocrx_word' id='word_1_108' title='bbox 434 1314 556 1373; x_wconf 89' lang='lat' dir='ltr'>rius</span> <span class='ocrx_word' id='word_1_109' title='bbox 602 1331 709 1392; x_wconf 91' lang='lat' dir='ltr'>pro</span> <span class='ocrx_word' id='word_1_110' title='bbox 755 1312 1062 1391; x_wconf 86' lang='lat' dir='ltr'>rogatione</span> <span class='ocrx_word' id='word_1_111' title='bbox 1107 1313 1179 1375; x_wconf 88' lang='lat' dir='ltr'>ab</span> <span class='ocrx_word' id='word_1_112' title='bbox 1224 1333 1288 1374; x_wconf 88' lang='lat' dir='ltr'>se</span> <span class='ocrx_word' id='word_1_113' title='bbox 1330 1312 1698 1393; x_wconf 82' lang='lat' dir='ltr'>promulgata</span> <span class='ocrx_word' id='word_1_114' title='bbox 1733 1314 1813 1376; x_wconf 86' lang='lat' dir='ltr'>ita</span> <span class='ocrx_word' id='word_1_115' title='bbox 1851 1314 2141 1376; x_wconf 77' lang='lat' dir='ltr'>disseruit.</span> <span class='ocrx_word' id='word_1_116' title='bbox 2214 1313 2318 1388; x_wconf 92' lang='lat' dir='ltr'>„Si</span> <span class='ocrx_word' id='word_1_117' title='bbox 2350 1312 2559 1393; x_wconf 84' lang='lat' dir='ltr'>privati</span> 
     </span>
     <span class='ocr_line' id='line_1_14' title="bbox 438 1397 2559 1481; baseline -0 -22"><span class='ocrx_word' id='word_1_118' title='bbox 438 1398 848 1459; x_wconf 84' lang='lat' dir='ltr'>tantummodo</span> <span class='ocrx_word' id='word_1_119' title='bbox 880 1398 951 1459; x_wconf 89' lang='lat' dir='ltr'>ad</span> <span class='ocrx_word' id='word_1_120' title='bbox 982 1399 1346 1461; x_wconf 89' lang='lat' dir='ltr'>suadendum</span> <span class='ocrx_word' id='word_1_121' title='bbox 1378 1399 1951 1480; x_wconf 84' lang='lat' dir='ltr'>dissuadendumque</span> <span class='ocrx_word' id='word_1_122' title='bbox 1980 1400 2058 1473; x_wconf 89' lang='lat' dir='ltr'>id,</span> <span class='ocrx_word' id='word_1_123' title='bbox 2092 1400 2250 1481; x_wconf 89' lang='lat' dir='ltr'>quod</span> <span class='ocrx_word' id='word_1_124' title='bbox 2280 1398 2353 1460; x_wconf 83' lang='lat' dir='ltr'>ab</span> <span class='ocrx_word' id='word_1_125' title='bbox 2383 1397 2559 1460; x_wconf 87' lang='lat' dir='ltr'>nobis</span> 
     </span>
     <span class='ocr_line' id='line_1_15' title="bbox 437 1484 2563 1565; baseline -0 -20"><span class='ocrx_word' id='word_1_126' title='bbox 437 1491 695 1561; x_wconf 82' lang='lat' dir='ltr'>rogatur,</span> <span class='ocrx_word' id='word_1_127' title='bbox 726 1484 1175 1562; x_wconf 87' lang='lat' dir='ltr'>processissent,</span> <span class='ocrx_word' id='word_1_128' title='bbox 1204 1504 1313 1564; x_wconf 85' lang='lat' dir='ltr'>ego</span> <span class='ocrx_word' id='word_1_129' title='bbox 1339 1503 1592 1564; x_wconf 83' lang='lat' dir='ltr'>quoque,</span> <span class='ocrx_word' id='word_1_130' title='bbox 1615 1503 1750 1548; x_wconf 89' lang='lat' dir='ltr'>cum</span> <span class='ocrx_word' id='word_1_131' title='bbox 1773 1485 1914 1548; x_wconf 85' lang='lat' dir='ltr'>satis</span> <span class='ocrx_word' id='word_1_132' title='bbox 1939 1484 2158 1550; x_wconf 88' lang='lat' dir='ltr'>dictum</span> <span class='ocrx_word' id='word_1_133' title='bbox 2182 1503 2291 1565; x_wconf 87' lang='lat' dir='ltr'>pro</span> <span class='ocrx_word' id='word_1_134' title='bbox 2316 1492 2563 1563; x_wconf 88' lang='lat' dir='ltr'>utraque</span> 
     </span>
     <span class='ocr_line' id='line_1_16' title="bbox 437 1569 2560 1650; baseline 0.001 -20"><span class='ocrx_word' id='word_1_135' title='bbox 437 1576 600 1650; x_wconf 86' lang='lat' dir='ltr'>parte</span> <span class='ocrx_word' id='word_1_136' title='bbox 621 1569 1030 1644; x_wconf 84' lang='lat' dir='ltr'>existimarem,</span> <span class='ocrx_word' id='word_1_137' title='bbox 1055 1570 1264 1632; x_wconf 80' lang='lat' dir='ltr'>tacitus</span> <span class='ocrx_word' id='word_1_138' title='bbox 1289 1570 1561 1648; x_wconf 82' lang='lat' dir='ltr'>suffragia</span> <span class='ocrx_word' id='word_1_139' title='bbox 1585 1579 1774 1632; x_wconf 82' lang='lat' dir='ltr'>vestra</span> <span class='ocrx_word' id='word_1_140' title='bbox 1796 1579 2221 1649; x_wconf 84' lang='lat' dir='ltr'>expectassem:</span> <span class='ocrx_word' id='word_1_141' title='bbox 2245 1588 2405 1636; x_wconf 82' lang='lat' dir='ltr'>nunc</span> <span class='ocrx_word' id='word_1_142' title='bbox 2427 1588 2560 1632; x_wconf 88' lang='lat' dir='ltr'>cum</span> 
     </span>
     <span class='ocr_line' id='line_1_17' title="bbox 438 1655 2564 1734; baseline -0.001 -18"><span class='ocrx_word' id='word_1_143' title='bbox 438 1656 522 1716; x_wconf 89' lang='lat' dir='ltr'>vir</span> <span class='ocrx_word' id='word_1_144' title='bbox 552 1655 947 1733; x_wconf 86' lang='lat' dir='ltr'>gravissimus,</span> <span class='ocrx_word' id='word_1_145' title='bbox 981 1655 1188 1717; x_wconf 88' lang='lat' dir='ltr'>consul</span> <span class='ocrx_word' id='word_1_146' title='bbox 1215 1657 1288 1717; x_wconf 89' lang='lat' dir='ltr'>M.</span> <span class='ocrx_word' id='word_1_147' title='bbox 1320 1656 1589 1729; x_wconf 85' lang='lat' dir='ltr'>Porcius,</span> <span class='ocrx_word' id='word_1_148' title='bbox 1620 1673 1742 1717; x_wconf 87' lang='lat' dir='ltr'>non</span> <span class='ocrx_word' id='word_1_149' title='bbox 1772 1656 2116 1730; x_wconf 79' lang='lat' dir='ltr'>auctoritate</span> <span class='ocrx_word' id='word_1_150' title='bbox 2146 1657 2369 1729; x_wconf 88' lang='lat' dir='ltr'>solum,</span> <span class='ocrx_word' id='word_1_151' title='bbox 2412 1673 2564 1734; x_wconf 87' lang='lat' dir='ltr'>quae</span> 
     </span>
     <span class='ocr_line' id='line_1_18' title="bbox 440 1740 2562 1821; baseline -0 -19"><span class='ocrx_word' id='word_1_152' title='bbox 440 1741 611 1803; x_wconf 82' lang='lat' dir='ltr'>tacita</span> <span class='ocrx_word' id='word_1_153' title='bbox 644 1740 786 1801; x_wconf 85' lang='lat' dir='ltr'>satis</span> <span class='ocrx_word' id='word_1_154' title='bbox 816 1741 1102 1802; x_wconf 89' lang='lat' dir='ltr'>momenti</span> <span class='ocrx_word' id='word_1_155' title='bbox 1133 1740 1455 1816; x_wconf 85' lang='lat' dir='ltr'>habuisset,</span> <span class='ocrx_word' id='word_1_156' title='bbox 1487 1741 1587 1803; x_wconf 87' lang='lat' dir='ltr'>sed</span> <span class='ocrx_word' id='word_1_157' title='bbox 1621 1741 1886 1812; x_wconf 79' lang='lat' dir='ltr'>oratione</span> <span class='ocrx_word' id='word_1_158' title='bbox 1914 1742 2084 1803; x_wconf 84' lang='lat' dir='ltr'>etiam</span> <span class='ocrx_word' id='word_1_159' title='bbox 2110 1742 2286 1821; x_wconf 87' lang='lat' dir='ltr'>longa</span> <span class='ocrx_word' id='word_1_160' title='bbox 2309 1749 2366 1802; x_wconf 84' lang='lat' dir='ltr'>et</span> <span class='ocrx_word' id='word_1_161' title='bbox 2387 1759 2562 1804; x_wconf 84' lang='lat' dir='ltr'>accu-</span> 
     </span>
     <span class='ocr_line' id='line_1_19' title="bbox 439 1825 2563 1907; baseline -0 -20"><span class='ocrx_word' id='word_1_162' title='bbox 439 1833 561 1887; x_wconf 86' lang='lat' dir='ltr'>rata</span> <span class='ocrx_word' id='word_1_163' title='bbox 593 1826 909 1886; x_wconf 81' lang='lat' dir='ltr'>insectatus</span> <span class='ocrx_word' id='word_1_164' title='bbox 950 1826 1025 1887; x_wconf 88' lang='lat' dir='ltr'>sit</span> <span class='ocrx_word' id='word_1_165' title='bbox 1062 1827 1429 1906; x_wconf 84' lang='lat' dir='ltr'>rogationem</span> <span class='ocrx_word' id='word_1_166' title='bbox 1469 1835 1764 1899; x_wconf 88' lang='lat' dir='ltr'>nostram,</span> <span class='ocrx_word' id='word_1_167' title='bbox 1806 1845 2049 1889; x_wconf 87' lang='lat' dir='ltr'>necesse</span> <span class='ocrx_word' id='word_1_168' title='bbox 2091 1835 2183 1888; x_wconf 89' lang='lat' dir='ltr'>est</span> <span class='ocrx_word' id='word_1_169' title='bbox 2220 1825 2423 1907; x_wconf 87' lang='lat' dir='ltr'>paucis</span> <span class='ocrx_word' id='word_1_170' title='bbox 2460 1844 2563 1887; x_wconf 89' lang='lat' dir='ltr'>re-</span> 
     </span>
     <span class='ocr_line' id='line_1_20' title="bbox 439 1910 2566 1992; baseline -0.001 -19"><span class='ocrx_word' id='word_1_171' title='bbox 439 1911 749 1991; x_wconf 85' lang='lat' dir='ltr'>spondere.</span> <span class='ocrx_word' id='word_1_172' title='bbox 779 1910 877 1990; x_wconf 88' lang='lat' dir='ltr'>qui</span> <span class='ocrx_word' id='word_1_173' title='bbox 899 1920 1097 1972; x_wconf 84' lang='lat' dir='ltr'>tamen</span> <span class='ocrx_word' id='word_1_174' title='bbox 1119 1912 1287 1991; x_wconf 83' lang='lat' dir='ltr'>plura</span> <span class='ocrx_word' id='word_1_175' title='bbox 1308 1912 1483 1974; x_wconf 73' lang='lat' dir='ltr'>verba</span> <span class='ocrx_word' id='word_1_176' title='bbox 1507 1912 1568 1973; x_wconf 90' lang='lat' dir='ltr'>in</span> <span class='ocrx_word' id='word_1_177' title='bbox 1599 1911 1945 1990; x_wconf 72' lang='lat' dir='ltr'>castigandis</span> <span class='ocrx_word' id='word_1_178' title='bbox 1975 1913 2260 1978; x_wconf 83' lang='lat' dir='ltr'>matronis</span> <span class='ocrx_word' id='word_1_179' title='bbox 2293 1930 2471 1992; x_wconf 87' lang='lat' dir='ltr'>quam</span> <span class='ocrx_word' id='word_1_180' title='bbox 2502 1912 2566 1972; x_wconf 92' lang='lat' dir='ltr'>in</span> 
     </span>
     <span class='ocr_line' id='line_1_21' title="bbox 439 1996 2563 2078; baseline -0.001 -18"><span class='ocrx_word' id='word_1_181' title='bbox 439 1996 738 2077; x_wconf 82' lang='lat' dir='ltr'>rogatione</span> <span class='ocrx_word' id='word_1_182' title='bbox 767 2005 969 2057; x_wconf 85' lang='lat' dir='ltr'>nostra</span> <span class='ocrx_word' id='word_1_183' title='bbox 994 1997 1382 2059; x_wconf 86' lang='lat' dir='ltr'>dissuadenda</span> <span class='ocrx_word' id='word_1_184' title='bbox 1414 1998 1807 2078; x_wconf 85' lang='lat' dir='ltr'>consumpsit,</span> <span class='ocrx_word' id='word_1_185' title='bbox 1848 2005 1905 2059; x_wconf 87' lang='lat' dir='ltr'>et</span> <span class='ocrx_word' id='word_1_186' title='bbox 1933 1998 2170 2078; x_wconf 85' lang='lat' dir='ltr'>quidem</span> <span class='ocrx_word' id='word_1_187' title='bbox 2198 2007 2264 2059; x_wconf 91' lang='lat' dir='ltr'>ut</span> <span class='ocrx_word' id='word_1_188' title='bbox 2290 1997 2353 2058; x_wconf 88' lang='lat' dir='ltr'>in</span> <span class='ocrx_word' id='word_1_189' title='bbox 2380 1996 2563 2058; x_wconf 81' lang='lat' dir='ltr'>dubio</span> 
     </span>
    </p>
   </div>
   <div class='ocr_carea' id='block_1_8' title="bbox 441 2189 1446 2321">
    <p class='ocr_par' dir='ltr' id='par_1_9' title="bbox 441 2189 1446 2321">
     <span class='ocr_line' id='line_1_22' title="bbox 442 2189 1446 2255; baseline -0.001 -12"><span class='ocrx_word' id='word_1_190' title='bbox 442 2194 489 2243; x_wconf 88' lang='lat'>6.</span> <span class='ocrx_word' id='word_1_191' title='bbox 513 2218 581 2229; x_wconf 92' lang='lat'><strong>—</strong></span> <span class='ocrx_word' id='word_1_192' title='bbox 604 2191 693 2242; x_wconf 74' lang='lat' dir='ltr'>lea,-</span> <span class='ocrx_word' id='word_1_193' title='bbox 713 2189 923 2241; x_wconf 82' lang='lat' dir='ltr'>modum</span> <span class='ocrx_word' id='word_1_194' title='bbox 949 2196 1063 2255; x_wconf 72' lang='lat' dir='ltr'>etc„</span> <span class='ocrx_word' id='word_1_195' title='bbox 1091 2191 1184 2241; x_wconf 85' lang='lat' dir='ltr'>der</span> <span class='ocrx_word' id='word_1_196' title='bbox 1209 2190 1446 2243; x_wconf 81' lang='lat' dir='ltr'>Gedanke</span> 
     </span>
     <span class='ocr_line' id='line_1_23' title="bbox 441 2257 790 2321; baseline -0.009 -10"><span class='ocrx_word' id='word_1_197' title='bbox 441 2261 536 2312; x_wconf 87' lang='lat' dir='ltr'>wie</span> <span class='ocrx_word' id='word_1_198' title='bbox 563 2277 604 2311; x_wconf 87' lang='grc' dir='ltr'>ο.</span> <span class='ocrx_word' id='word_1_199' title='bbox 632 2259 680 2321; x_wconf 84' lang='grc'>2,</span> <span class='ocrx_word' id='word_1_200' title='bbox 708 2257 790 2309; x_wconf 84' lang='grc'>13.</span> 
     </span>
    </p>
   </div>
   <div class='ocr_carea' id='block_1_9' title="bbox 441 2395 1461 4037">
    <p class='ocr_par' dir='ltr' id='par_1_10' title="bbox 441 2395 1461 4037">
     <span class='ocr_line' id='line_1_24' title="bbox 515 2395 1448 2463; baseline 0.004 -18"><span class='ocrx_word' id='word_1_201' title='bbox 515 2395 749 2445; x_wconf 85' lang='lat'><strong>19—20.</strong></span> <span class='ocrx_word' id='word_1_202' title='bbox 798 2395 890 2449; x_wconf 87' lang='lat' dir='ltr'>Die</span> <span class='ocrx_word' id='word_1_203' title='bbox 929 2397 1087 2448; x_wconf 83' lang='lat' dir='ltr'>Sache</span> <span class='ocrx_word' id='word_1_204' title='bbox 1124 2398 1250 2449; x_wconf 86' lang='lat' dir='ltr'>wird</span> <span class='ocrx_word' id='word_1_205' title='bbox 1293 2400 1448 2463; x_wconf 75' lang='lat' dir='ltr'>durch</span> 
     </span>
     <span class='ocr_line' id='line_1_25' title="bbox 442 2463 1452 2527; baseline 0.002 -12"><span class='ocrx_word' id='word_1_206' title='bbox 442 2463 738 2527; x_wconf 82' lang='lat' dir='ltr'>Aufhehung</span> <span class='ocrx_word' id='word_1_207' title='bbox 764 2464 852 2514; x_wconf 89' lang='lat' dir='ltr'>des</span> <span class='ocrx_word' id='word_1_208' title='bbox 885 2464 1131 2517; x_wconf 85' lang='lat' dir='ltr'>Gesetzes</span> <span class='ocrx_word' id='word_1_209' title='bbox 1167 2467 1452 2521; x_wconf 85' lang='lat' dir='ltr'>schlimmer</span> 
     </span>
     <span class='ocr_line' id='line_1_26' title="bbox 443 2532 1449 2595; baseline 0.004 -15"><span class='ocrx_word' id='word_1_210' title='bbox 443 2533 667 2595; x_wconf 86' lang='lat' dir='ltr'>werden,</span> <span class='ocrx_word' id='word_1_211' title='bbox 694 2532 772 2582; x_wconf 81' lang='lat' dir='ltr'>als</span> <span class='ocrx_word' id='word_1_212' title='bbox 797 2533 872 2583; x_wconf 89' lang='lat' dir='ltr'>sie</span> <span class='ocrx_word' id='word_1_213' title='bbox 897 2550 991 2584; x_wconf 89' lang='lat' dir='ltr'>vor</span> <span class='ocrx_word' id='word_1_214' title='bbox 1014 2536 1300 2591; x_wconf 78' lang='lat' dir='ltr'>demselben</span> <span class='ocrx_word' id='word_1_215' title='bbox 1328 2550 1449 2584; x_wconf 80' lang='lat' dir='ltr'>war.</span> 
     </span>
     <span class='ocr_line' id='line_1_27' title="bbox 443 2600 1451 2667; baseline 0.003 -17"><span class='ocrx_word' id='word_1_216' title='bbox 443 2627 511 2636; x_wconf 87' lang='lat'>--</span> <span class='ocrx_word' id='word_1_217' title='bbox 533 2600 628 2651; x_wconf 82' lang='grc' dir='ltr'>Ιιοο</span> <span class='ocrx_word' id='word_1_218' title='bbox 658 2602 780 2651; x_wconf 80' lang='lat' dir='ltr'>nach</span> <span class='ocrx_word' id='word_1_219' title='bbox 812 2617 948 2665; x_wconf 80' lang='lat' dir='ltr'>rem,</span> <span class='ocrx_word' id='word_1_220' title='bbox 984 2619 1025 2653; x_wconf 85' lang='lat' dir='ltr'>S.</span> <span class='ocrx_word' id='word_1_221' title='bbox 1054 2603 1146 2667; x_wconf 78' lang='lat'>32,</span> <span class='ocrx_word' id='word_1_222' title='bbox 1186 2603 1275 2666; x_wconf 87' lang='lat'>10,</span> <span class='ocrx_word' id='word_1_223' title='bbox 1310 2602 1357 2653; x_wconf 88' lang='lat'>3.</span> <span class='ocrx_word' id='word_1_224' title='bbox 1381 2630 1451 2640; x_wconf 91' lang='lat'>—-</span> 
     </span>
     <span class='ocr_line' id='line_1_28' title="bbox 441 2669 1449 2736; baseline 0.002 -18"><span class='ocrx_word' id='word_1_225' title='bbox 441 2684 544 2733; x_wconf 77' lang='lat' dir='ltr'>non</span> <span class='ocrx_word' id='word_1_226' title='bbox 566 2673 720 2735; x_wconf 81' lang='lat' dir='ltr'>mota,</span> <span class='ocrx_word' id='word_1_227' title='bbox 744 2669 880 2720; x_wconf 84' lang='lat' dir='ltr'>nieht</span> <span class='ocrx_word' id='word_1_228' title='bbox 902 2670 1211 2736; x_wconf 69' lang='lat' dir='ltr'>ausgestort,</span> <span class='ocrx_word' id='word_1_229' title='bbox 1235 2672 1285 2721; x_wconf 90' lang='lat' dir='ltr'>in</span> <span class='ocrx_word' id='word_1_230' title='bbox 1309 2670 1449 2721; x_wconf 86' lang='lat' dir='ltr'>Ruhe</span> 
     </span>
     <span class='ocr_line' id='line_1_29' title="bbox 442 2737 1452 2806; baseline 0.002 -20"><span class='ocrx_word' id='word_1_231' title='bbox 442 2737 690 2801; x_wconf 80' lang='lat' dir='ltr'>gelassen.</span> <span class='ocrx_word' id='word_1_232' title='bbox 709 2765 776 2775; x_wconf 86' lang='lat'><strong>—</strong></span> <span class='ocrx_word' id='word_1_233' title='bbox 794 2741 1054 2806; x_wconf 61' lang='lat' dir='ltr'>siwtsm.</span> <span class='ocrx_word' id='word_1_234' title='bbox 1082 2742 1145 2804; x_wconf 66' lang='lat' dir='ltr'>b„</span> <span class='ocrx_word' id='word_1_235' title='bbox 1172 2740 1268 2790; x_wconf 89' lang='lat' dir='ltr'>wie</span> <span class='ocrx_word' id='word_1_236' title='bbox 1295 2755 1351 2790; x_wconf 88' lang='lat' dir='ltr'>es</span> <span class='ocrx_word' id='word_1_237' title='bbox 1370 2739 1452 2789; x_wconf 85' lang='lat' dir='ltr'>hei</span> 
     </span>
     <span class='ocr_line' id='line_1_30' title="bbox 444 2806 1452 2873; baseline 0 -17"><span class='ocrx_word' id='word_1_238' title='bbox 444 2807 618 2857; x_wconf 81' lang='lat' dir='ltr'>diesen</span> <span class='ocrx_word' id='word_1_239' title='bbox 642 2807 862 2871; x_wconf 88' lang='lat' dir='ltr'>eintritt,</span> <span class='ocrx_word' id='word_1_240' title='bbox 890 2807 992 2872; x_wconf 86' lang='lat' dir='ltr'><strong>vgl.</strong></span> <span class='ocrx_word' id='word_1_241' title='bbox 1021 2823 1063 2858; x_wconf 83' lang='grc' dir='ltr'>ο.</span> <span class='ocrx_word' id='word_1_242' title='bbox 1089 2806 1222 2872; x_wconf 81' lang='grc'>3,’1;</span> <span class='ocrx_word' id='word_1_243' title='bbox 1260 2807 1340 2870; x_wconf 85' lang='lat'>35,</span> <span class='ocrx_word' id='word_1_244' title='bbox 1373 2807 1452 2873; x_wconf 83' lang='lat'>18,</span> 
     </span>
     <span class='ocr_line' id='line_1_31' title="bbox 445 2873 1451 2943; baseline 0.003 -21"><span class='ocrx_word' id='word_1_245' title='bbox 445 2875 502 2935; x_wconf 83' lang='lat'>63</span> <span class='ocrx_word' id='word_1_246' title='bbox 540 2873 630 2937; x_wconf 83' lang='lat'>36,</span> <span class='ocrx_word' id='word_1_247' title='bbox 658 2876 713 2938; x_wconf 84' lang='lat'>7,</span> <span class='ocrx_word' id='word_1_248' title='bbox 753 2875 832 2926; x_wconf 87' lang='lat'>13.</span> <span class='ocrx_word' id='word_1_249' title='bbox 855 2904 925 2913; x_wconf 90' lang='lat'><em>—</em></span> <span class='ocrx_word' id='word_1_250' title='bbox 958 2893 1055 2943; x_wconf 78' lang='lat' dir='ltr'>ego</span> <span class='ocrx_word' id='word_1_251' title='bbox 1088 2877 1180 2929; x_wconf 86' lang='lat' dir='ltr'>der</span> <span class='ocrx_word' id='word_1_252' title='bbox 1211 2877 1451 2940; x_wconf 79' lang='lat' dir='ltr'>gewo‘hn·</span> 
     </span>
     <span class='ocr_line' id='line_1_32' title="bbox 442 2942 1451 3011; baseline 0.001 -19"><span class='ocrx_word' id='word_1_253' title='bbox 442 2942 573 2993; x_wconf 83' lang='lat' dir='ltr'>liobe</span> <span class='ocrx_word' id='word_1_254' title='bbox 593 2942 816 3008; x_wconf 84' lang='lat' dir='ltr'>Schluss,</span> <span class='ocrx_word' id='word_1_255' title='bbox 839 2960 879 2994; x_wconf 76' lang='lat' dir='ltr'>s,</span> <span class='ocrx_word' id='word_1_256' title='bbox 902 2945 981 3007; x_wconf 87' lang='lat'>10,</span> <span class='ocrx_word' id='word_1_257' title='bbox 1002 2946 1048 3008; x_wconf 84' lang='lat'>8,</span> <span class='ocrx_word' id='word_1_258' title='bbox 1074 2945 1163 3007; x_wconf 78' lang='lat'>123</span> <span class='ocrx_word' id='word_1_259' title='bbox 1192 2945 1364 3011; x_wconf 88' lang='grc'>22,60,</span> <span class='ocrx_word' id='word_1_260' title='bbox 1384 2943 1451 2994; x_wconf 84' lang='grc'>27</span> 
     </span>
     <span class='ocr_line' id='line_1_33' title="bbox 444 3013 1455 3077; baseline 0.001 -15"><span class='ocrx_word' id='word_1_261' title='bbox 444 3028 493 3062; x_wconf 88' lang='lat' dir='ltr'>u.</span> <span class='ocrx_word' id='word_1_262' title='bbox 522 3027 595 3072; x_wconf 84' lang='lat' dir='ltr'>a.,</span> <span class='ocrx_word' id='word_1_263' title='bbox 633 3013 735 3077; x_wconf 83' lang='lat' dir='ltr'><strong>vgl.</strong></span> <span class='ocrx_word' id='word_1_264' title='bbox 762 3014 818 3076; x_wconf 83' lang='lat'>6,</span> <span class='ocrx_word' id='word_1_265' title='bbox 843 3013 935 3076; x_wconf 87' lang='lat'>41,</span> <span class='ocrx_word' id='word_1_266' title='bbox 965 3013 1043 3064; x_wconf 87' lang='grc'>12.</span> <span class='ocrx_word' id='word_1_267' title='bbox 1093 3014 1185 3063; x_wconf 85' lang='lat' dir='ltr'>Die</span> <span class='ocrx_word' id='word_1_268' title='bbox 1216 3013 1351 3064; x_wconf 82' lang='lat' dir='ltr'>Rede</span> <span class='ocrx_word' id='word_1_269' title='bbox 1387 3014 1455 3063; x_wconf 83' lang='lat' dir='ltr'>ist</span> 
     </span>
     <span class='ocr_line' id='line_1_34' title="bbox 444 3078 1456 3135; baseline 0.001 -5"><span class='ocrx_word' id='word_1_270' title='bbox 444 3097 542 3131; x_wconf 85' lang='lat' dir='ltr'>von</span> <span class='ocrx_word' id='word_1_271' title='bbox 567 3078 625 3130; x_wconf 90' lang='lat' dir='ltr'>L.</span> <span class='ocrx_word' id='word_1_272' title='bbox 652 3081 716 3130; x_wconf 90' lang='lat' dir='ltr'>im</span> <span class='ocrx_word' id='word_1_273' title='bbox 735 3080 855 3130; x_wconf 89' lang='lat' dir='ltr'>Sinn</span> <span class='ocrx_word' id='word_1_274' title='bbox 880 3083 979 3131; x_wconf 85' lang='lat' dir='ltr'>und</span> <span class='ocrx_word' id='word_1_275' title='bbox 1001 3081 1145 3132; x_wconf 81' lang='lat' dir='ltr'>Geist</span> <span class='ocrx_word' id='word_1_276' title='bbox 1162 3080 1313 3135; x_wconf 82' lang='lat' dir='ltr'>Catos</span> <span class='ocrx_word' id='word_1_277' title='bbox 1332 3094 1456 3131; x_wconf 84' lang='lat' dir='ltr'>ver-</span> 
     </span>
     <span class='ocr_line' id='line_1_35' title="bbox 444 3148 1454 3213; baseline 0 -14"><span class='ocrx_word' id='word_1_278' title='bbox 444 3149 598 3212; x_wconf 77' lang='lat' dir='ltr'>fasst,</span> <span class='ocrx_word' id='word_1_279' title='bbox 633 3149 712 3197; x_wconf 87' lang='lat' dir='ltr'>die</span> <span class='ocrx_word' id='word_1_280' title='bbox 745 3164 844 3198; x_wconf 87' lang='lat' dir='ltr'>von</span> <span class='ocrx_word' id='word_1_281' title='bbox 877 3149 1065 3199; x_wconf 85' lang='lat' dir='ltr'>diesem</span> <span class='ocrx_word' id='word_1_282' title='bbox 1099 3148 1260 3199; x_wconf 86' lang='lat' dir='ltr'>selbst</span> <span class='ocrx_word' id='word_1_283' title='bbox 1280 3149 1454 3213; x_wconf 80' lang='lat' dir='ltr'>gebal-</span> 
     </span>
     <span class='ocr_line' id='line_1_36' title="bbox 444 3216 1454 3284; baseline -0.001 -17"><span class='ocrx_word' id='word_1_284' title='bbox 444 3225 578 3276; x_wconf 84' lang='lat' dir='ltr'>tene‚</span> <span class='ocrx_word' id='word_1_285' title='bbox 601 3217 1013 3265; x_wconf 85' lang='lat' dir='ltr'>wahrscheinlich</span> <span class='ocrx_word' id='word_1_286' title='bbox 1033 3218 1082 3265; x_wconf 89' lang='lat' dir='ltr'>iu</span> <span class='ocrx_word' id='word_1_287' title='bbox 1103 3217 1183 3266; x_wconf 85' lang='lat' dir='ltr'>die</span> <span class='ocrx_word' id='word_1_288' title='bbox 1205 3216 1454 3284; x_wconf 85' lang='lat' dir='ltr'>Origines,</span> 
     </span>
     <span class='ocr_line' id='line_1_37' title="bbox 447 3280 1454 3348; baseline 0.001 -13"><span class='ocrx_word' id='word_1_289' title='bbox 447 3303 488 3335; x_wconf 81' lang='lat' dir='ltr'>s,</span> <span class='ocrx_word' id='word_1_290' title='bbox 512 3283 759 3334; x_wconf 64' lang='lat' dir='ltr'>‚Periocha</span> <span class='ocrx_word' id='word_1_291' title='bbox 784 3280 979 3346; x_wconf 85' lang='lat' dir='ltr'>XLIX,</span> <span class='ocrx_word' id='word_1_292' title='bbox 1005 3285 1143 3335; x_wconf 80' lang='lat' dir='ltr'>nicht</span> <span class='ocrx_word' id='word_1_293' title='bbox 1165 3282 1454 3348; x_wconf 83' lang='lat' dir='ltr'>aufgenom-</span> 
     </span>
     <span class='ocr_line' id='line_1_38' title="bbox 446 3350 1458 3415; baseline -0.001 -12"><span class='ocrx_word' id='word_1_294' title='bbox 446 3367 609 3415; x_wconf 86' lang='lat' dir='ltr'>mene,</span> <span class='ocrx_word' id='word_1_295' title='bbox 642 3350 765 3401; x_wconf 83' lang='lat' dir='ltr'>aber</span> <span class='ocrx_word' id='word_1_296' title='bbox 787 3351 887 3399; x_wconf 87' lang='lat' dir='ltr'>wol</span> <span class='ocrx_word' id='word_1_297' title='bbox 915 3358 1059 3401; x_wconf 83' lang='lat' dir='ltr'>sonst</span> <span class='ocrx_word' id='word_1_298' title='bbox 1082 3350 1346 3414; x_wconf 80' lang='lat' dir='ltr'>bekannte,</span> <span class='ocrx_word' id='word_1_299' title='bbox 1372 3353 1458 3403; x_wconf 76' lang='lat' dir='ltr'>hat</span> 
     </span>
     <span class='ocr_line' id='line_1_39' title="bbox 448 3416 1457 3486; baseline 0.001 -16"><span class='ocrx_word' id='word_1_300' title='bbox 448 3436 506 3470; x_wconf 85' lang='lat' dir='ltr'>er</span> <span class='ocrx_word' id='word_1_301' title='bbox 515 3421 635 3469; x_wconf 85' lang='lat' dir='ltr'>nach</span> <span class='ocrx_word' id='word_1_302' title='bbox 648 3418 759 3467; x_wconf 86' lang='lat' dir='ltr'>dem</span> <span class='ocrx_word' id='word_1_303' title='bbox 770 3417 849 3486; x_wconf 85' lang='lat'>45,</span> <span class='ocrx_word' id='word_1_304' title='bbox 861 3416 978 3485; x_wconf 86' lang='lat'>25,3</span> <span class='ocrx_word' id='word_1_305' title='bbox 990 3421 1457 3485; x_wconf 85' lang='lat' dir='ltr'>ausgesprochenen</span> 
     </span>
     <span class='ocr_line' id='line_1_40' title="bbox 450 3486 1457 3552; baseline 0.003 -15"><span class='ocrx_word' id='word_1_306' title='bbox 450 3487 768 3547; x_wconf 87' lang='lat' dir='ltr'>Gruudsatze</span> <span class='ocrx_word' id='word_1_307' title='bbox 836 3486 972 3538; x_wconf 85' lang='lat' dir='ltr'>nicht</span> <span class='ocrx_word' id='word_1_308' title='bbox 1025 3488 1457 3552; x_wconf 76' lang='lat' dir='ltr'>wiedergegeben.</span> 
     </span>
     <span class='ocr_line' id='line_1_41' title="bbox 449 3554 1457 3607; baseline 0.002 -2"><span class='ocrx_word' id='word_1_309' title='bbox 449 3555 541 3605; x_wconf 87' lang='lat' dir='ltr'>Die</span> <span class='ocrx_word' id='word_1_310' title='bbox 563 3554 782 3603; x_wconf 82' lang='lat' dir='ltr'>letztere</span> <span class='ocrx_word' id='word_1_311' title='bbox 807 3556 944 3606; x_wconf 81' lang='lat' dir='ltr'>hatte</span> <span class='ocrx_word' id='word_1_312' title='bbox 963 3558 1086 3607; x_wconf 83' lang='lat' dir='ltr'>nach</span> <span class='ocrx_word' id='word_1_313' title='bbox 1106 3555 1339 3606; x_wconf 80' lang='lat' dir='ltr'>Zonarus</span> <span class='ocrx_word' id='word_1_314' title='bbox 1358 3556 1457 3607; x_wconf 89' lang='lat' dir='ltr'>fol-</span> 
     </span>
     <span class='ocr_line' id='line_1_42' title="bbox 449 3621 1457 3694; baseline 0.009 -25"><span class='ocrx_word' id='word_1_315' title='bbox 449 3622 643 3687; x_wconf 82' lang='lat' dir='ltr'>genden</span> <span class='ocrx_word' id='word_1_316' title='bbox 717 3621 946 3674; x_wconf 87' lang='lat' dir='ltr'>Schluss:</span> <span class='ocrx_word' id='word_1_317' title='bbox 1014 3628 1457 3694; x_wconf 73' lang='grc' dir='ltr'><strong><em>κοσμείσθῳσαν</em></strong></span> 
     </span>
     <span class='ocr_line' id='line_1_43' title="bbox 451 3685 1458 3776; baseline 0.003 -34"><span class='ocrx_word' id='word_1_318' title='bbox 451 3685 555 3742; x_wconf 76' lang='grc' dir='ltr'>οὖν</span> <span class='ocrx_word' id='word_1_319' title='bbox 587 3690 649 3741; x_wconf 79' lang='grc' dir='ltr'>αἱ</span> <span class='ocrx_word' id='word_1_320' title='bbox 678 3694 934 3773; x_wconf 62' lang='grc' dir='ltr'><em>γυναῖκες</em></span> <span class='ocrx_word' id='word_1_321' title='bbox 966 3688 1044 3761; x_wconf 87' lang='grc' dir='ltr'>μὴ</span> <span class='ocrx_word' id='word_1_322' title='bbox 1070 3694 1268 3763; x_wconf 74' lang='grc' dir='ltr'><em>χρυσῷ</em></span> <span class='ocrx_word' id='word_1_323' title='bbox 1296 3692 1458 3776; x_wconf 61' lang='grc' dir='ltr'>μηδὲ</span> 
     </span>
     <span class='ocr_line' id='line_1_44' title="bbox 451 3753 1458 3833; baseline 0.004 -23"><span class='ocrx_word' id='word_1_324' title='bbox 451 3761 638 3816; x_wconf 71' lang='grc' dir='ltr'><strong><em>λίθοις</em></strong></span> <span class='ocrx_word' id='word_1_325' title='bbox 655 3753 686 3823; x_wconf 76' lang='grc' dir='ltr'><strong><em>ἦ</em></strong></span> <span class='ocrx_word' id='word_1_326' title='bbox 706 3771 856 3810; x_wconf 80' lang='grc' dir='ltr'><strong><em>τισιν</em></strong></span> <span class='ocrx_word' id='word_1_327' title='bbox 875 3758 1144 3830; x_wconf 71' lang='grc' dir='ltr'><strong><em>ἀνθηροῖς</em></strong></span> <span class='ocrx_word' id='word_1_328' title='bbox 1162 3763 1255 3812; x_wconf 85' lang='grc' dir='ltr'>καὶ</span> <span class='ocrx_word' id='word_1_329' title='bbox 1281 3780 1458 3833; x_wconf 85' lang='grc' dir='ltr'><strong><em>αμορ-</em></strong></span> 
     </span>
     <span class='ocr_line' id='line_1_45' title="bbox 450 3822 1457 3900; baseline 0.002 -21"><span class='ocrx_word' id='word_1_330' title='bbox 450 3832 632 3898; x_wconf 76' lang='grc' dir='ltr'><strong><em>γίνοις</em></strong></span> <span class='ocrx_word' id='word_1_331' title='bbox 663 3822 1008 3896; x_wconf 48' lang='lat' dir='ltr'>goarianam,</span> <span class='ocrx_word' id='word_1_332' title='bbox 1051 3825 1190 3885; x_wconf 78' lang='grc' dir='ltr'><em>ἀλλὰ</em></span> <span class='ocrx_word' id='word_1_333' title='bbox 1228 3842 1457 3900; x_wconf 78' lang='grc' dir='ltr'><strong><em>σωφρο-</em></strong></span> 
     </span>
     <span class='ocr_line' id='line_1_46' title="bbox 453 3893 1460 3968; baseline -0.001 -19"><span class='ocrx_word' id='word_1_334' title='bbox 453 3893 592 3968; x_wconf 78' lang='grc' dir='ltr'>σὺνῃ</span> <span class='ocrx_word' id='word_1_335' title='bbox 633 3893 942 3965; x_wconf 78' lang='grc' dir='ltr'><strong><em>φιλανδρίᾳ</em></strong></span> <span class='ocrx_word' id='word_1_336' title='bbox 972 3899 1296 3967; x_wconf 74' lang='grc' dir='ltr'><strong><em>φιλοτεκνίᾳ</em></strong></span> <span class='ocrx_word' id='word_1_337' title='bbox 1333 3916 1460 3950; x_wconf 85' lang='grc' dir='ltr'><em>πει-</em></span> 
     </span>
     <span class='ocr_line' id='line_1_47' title="bbox 452 3960 1461 4037; baseline 0.001 -19"><span class='ocrx_word' id='word_1_338' title='bbox 452 3970 576 4032; x_wconf 75' lang='grc' dir='ltr'>θοῖ,</span> <span class='ocrx_word' id='word_1_339' title='bbox 608 3960 931 4036; x_wconf 78' lang='grc' dir='ltr'>μετρότητι,</span> <span class='ocrx_word' id='word_1_340' title='bbox 963 3970 1081 4027; x_wconf 79' lang='grc' dir='ltr'><strong><em>τοῖς</em></strong></span> <span class='ocrx_word' id='word_1_341' title='bbox 1111 3963 1309 4037; x_wconf 80' lang='grc' dir='ltr'><strong><em>νόμοις</em></strong></span> <span class='ocrx_word' id='word_1_342' title='bbox 1338 3970 1461 4028; x_wconf 84' lang='grc' dir='ltr'><strong><em>τοῖς</em></strong></span> 
     </span>
    </p>
   </div>
   <div class='ocr_carea' id='block_1_10' title="bbox 1551 2186 2582 4037">
    <p class='ocr_par' dir='ltr' id='par_1_11' title="bbox 1551 2186 2582 4037">
     <span class='ocr_line' id='line_1_48' title="bbox 1556 2186 2567 2263; baseline 0 -18"><span class='ocrx_word' id='word_1_343' title='bbox 1556 2193 1848 2263; x_wconf 77' lang='grc' dir='ltr'><strong><em>κειμένοις,</em></strong></span> <span class='ocrx_word' id='word_1_344' title='bbox 1874 2197 1992 2249; x_wconf 85' lang='grc' dir='ltr'><strong><em>τοῖς</em></strong></span> <span class='ocrx_word' id='word_1_345' title='bbox 2020 2186 2220 2250; x_wconf 80' lang='grc' dir='ltr'><strong><em>ὅπλοις</em></strong></span> <span class='ocrx_word' id='word_1_346' title='bbox 2236 2195 2356 2250; x_wconf 80' lang='grc' dir='ltr'><strong><em>τοῖς</em></strong></span> <span class='ocrx_word' id='word_1_347' title='bbox 2371 2187 2567 2262; x_wconf 55' lang='lat' dir='ltr'>{metf-</span> 
     </span>
     <span class='ocr_line' id='line_1_49' title="bbox 1556 2264 2543 2382; baseline -0.001 -70"><span class='ocrx_word' id='word_1_348' title='bbox 1556 2280 1689 2381; x_wconf 63' lang='grc' dir='ltr'><strong><em>ροιὸς,</em></strong></span> <span class='ocrx_word' id='word_1_349' title='bbox 1713 2264 1835 2381; x_wconf 64' lang='lat' dir='ltr'>*clais-</span> <span class='ocrx_word' id='word_1_350' title='bbox 1846 2265 2192 2382; x_wconf 45' lang='grc' dir='ltr'>ἔίφὶἓι.ις,8τοῖς</span> <span class='ocrx_word' id='word_1_351' title='bbox 2215 2264 2543 2381; x_wconf 41' lang='grc' dir='ltr'>ῖρξηπαίοις..</span> 
     </span>
     <span class='ocr_line' id='line_1_50' title="bbox 1668 2347 2566 2383; baseline 0.001 -2"><span class='ocrx_word' id='word_1_352' title='bbox 1668 2361 1687 2380; x_wconf 83' lang='grc'>.</span> <span class='ocrx_word' id='word_1_353' title='bbox 1753 2358 1894 2382; x_wconf 75' lang='lat'>.—.</span> <span class='ocrx_word' id='word_1_354' title='bbox 1976 2348 2023 2381; x_wconf 74' lang='lat' dir='ltr'>in</span> <span class='ocrx_word' id='word_1_355' title='bbox 2092 2349 2171 2381; x_wconf 86' lang='lat' dir='ltr'>n.</span> <span class='ocrx_word' id='word_1_356' title='bbox 2246 2347 2281 2381; x_wconf 83' lang='lat' dir='ltr'>u</span> <span class='ocrx_word' id='word_1_357' title='bbox 2358 2348 2566 2383; x_wconf 79' lang='lat' dir='ltr'>-eoez-</span> 
     </span>
     <span class='ocr_line' id='line_1_51' title="bbox 1555 2347 2569 2468; baseline -0.003 -18"><span class='ocrx_word' id='word_1_358' title='bbox 1555 2401 1722 2463; x_wconf 59' lang='lat' dir='ltr'>stim„</span> <span class='ocrx_word' id='word_1_359' title='bbox 1758 2415 1801 2449; x_wconf 86' lang='lat' dir='ltr'>s.</span> <span class='ocrx_word' id='word_1_360' title='bbox 1828 2398 1918 2463; x_wconf 90' lang='lat'>31,</span> <span class='ocrx_word' id='word_1_361' title='bbox 1955 2347 2059 2462; x_wconf 46' lang='lat'>38?</span> <span class='ocrx_word' id='word_1_362' title='bbox 2082 2347 2233 2449; x_wconf 55' lang='grc'>48-</span> <span class='ocrx_word' id='word_1_363' title='bbox 2261 2414 2361 2467; x_wconf 84' lang='lat' dir='ltr'>pro</span> <span class='ocrx_word' id='word_1_364' title='bbox 2395 2403 2569 2468; x_wconf 83' lang='lat' dir='ltr'>ut.p.,</span> 
     </span>
     <span class='ocr_line' id='line_1_52' title="bbox 1558 2468 2569 2529; baseline -0.003 -10"><span class='ocrx_word' id='word_1_365' title='bbox 1558 2475 1694 2519; x_wconf 80' lang='lat' dir='ltr'>setzt</span> <span class='ocrx_word' id='word_1_366' title='bbox 1709 2483 1913 2529; x_wconf 82' lang='lat' dir='ltr'>vorans,</span> <span class='ocrx_word' id='word_1_367' title='bbox 1934 2468 2050 2519; x_wconf 80' lang='lat' dir='ltr'>dass</span> <span class='ocrx_word' id='word_1_368' title='bbox 2061 2469 2185 2519; x_wconf 83' lang='lat' dir='ltr'>auch</span> <span class='ocrx_word' id='word_1_369' title='bbox 2196 2468 2350 2521; x_wconf 73' lang='lat' dir='ltr'>sehon</span> <span class='ocrx_word' id='word_1_370' title='bbox 2365 2468 2569 2519; x_wconf 83' lang='lat' dir='ltr'>Andere</span> 
     </span>
     <span class='ocr_line' id='line_1_53' title="bbox 1555 2535 2563 2605; baseline -0.002 -19"><span class='ocrx_word' id='word_1_371' title='bbox 1555 2535 1642 2586; x_wconf 73' lang='lat' dir='ltr'>ffir-</span> <span class='ocrx_word' id='word_1_372' title='bbox 1659 2536 1737 2585; x_wconf 89' lang='lat' dir='ltr'>die</span> <span class='ocrx_word' id='word_1_373' title='bbox 1757 2536 1952 2599; x_wconf 80' lang='lat' dir='ltr'>rogatio</span> <span class='ocrx_word' id='word_1_374' title='bbox 1971 2537 2278 2605; x_wconf 83' lang='lat' dir='ltr'>gesproohen</span> <span class='ocrx_word' id='word_1_375' title='bbox 2300 2535 2479 2599; x_wconf 84' lang='lat' dir='ltr'>haben.</span> <span class='ocrx_word' id='word_1_376' title='bbox 2502 2564 2563 2571; x_wconf 92' lang='lat'>—</span> 
     </span>
     <span class='ocr_line' id='line_1_54' title="bbox 1551 2603 2570 2670; baseline 0 -15"><span class='ocrx_word' id='word_1_377' title='bbox 1551 2605 1796 2670; x_wconf 61' lang='lat' dir='ltr'>gravius„</span> <span class='ocrx_word' id='word_1_378' title='bbox 1826 2603 1942 2654; x_wconf 87' lang='lat' dir='ltr'>weil</span> <span class='ocrx_word' id='word_1_379' title='bbox 1966 2619 2021 2652; x_wconf 89' lang='lat' dir='ltr'>es</span> <span class='ocrx_word' id='word_1_380' title='bbox 2043 2604 2233 2668; x_wconf 74' lang='lat' dir='ltr'>gei-ade</span> <span class='ocrx_word' id='word_1_381' title='bbox 2258 2603 2350 2653; x_wconf 84' lang='lat' dir='ltr'>auf</span> <span class='ocrx_word' id='word_1_382' title='bbox 2367 2604 2448 2653; x_wconf 86' lang='lat' dir='ltr'>die</span> <span class='ocrx_word' id='word_1_383' title='bbox 2470 2620 2570 2655; x_wconf 83' lang='lat' dir='ltr'>au-</span> 
     </span>
     <span class='ocr_line' id='line_1_55' title="bbox 1558 2670 2567 2737; baseline -0.001 -15"><span class='ocrx_word' id='word_1_384' title='bbox 1558 2675 1773 2725; x_wconf 72' lang='lat' dir='ltr'>ctoritas</span> <span class='ocrx_word' id='word_1_385' title='bbox 1805 2672 2083 2733; x_wconf 84' lang='lat' dir='ltr'>ankommt,</span> <span class='ocrx_word' id='word_1_386' title='bbox 2127 2688 2168 2722; x_wconf 87' lang='lat' dir='ltr'>s.</span> <span class='ocrx_word' id='word_1_387' title='bbox 2204 2671 2294 2736; x_wconf 83' lang='lat'>37,</span> <span class='ocrx_word' id='word_1_388' title='bbox 2338 2671 2428 2737; x_wconf 69' lang='lat'>57,</span> <span class='ocrx_word' id='word_1_389' title='bbox 2476 2670 2567 2734; x_wconf 76' lang='lat'>133</span> 
     </span>
     <span class='ocr_line' id='line_1_56' title="bbox 1559 2736 2569 2806; baseline -0.001 -16"><span class='ocrx_word' id='word_1_390' title='bbox 1559 2736 1660 2790; x_wconf 85' lang='lat' dir='ltr'>Cic.</span> <span class='ocrx_word' id='word_1_391' title='bbox 1689 2756 1763 2791; x_wconf 87' lang='lat' dir='ltr'>or.</span> <span class='ocrx_word' id='word_1_392' title='bbox 1785 2739 1846 2801; x_wconf 87' lang='lat'>2,</span> <span class='ocrx_word' id='word_1_393' title='bbox 1874 2738 1963 2806; x_wconf 80' lang='lat'>37,</span> <span class='ocrx_word' id='word_1_394' title='bbox 1989 2740 2104 2792; x_wconf 84' lang='lat'><strong>154.</strong></span> <span class='ocrx_word' id='word_1_395' title='bbox 2126 2767 2195 2777; x_wconf 91' lang='lat'>—-</span> <span class='ocrx_word' id='word_1_396' title='bbox 2218 2755 2347 2806; x_wconf 77' lang='lat' dir='ltr'>quae</span> <span class='ocrx_word' id='word_1_397' title='bbox 2370 2743 2492 2801; x_wconf 64' lang='lat' dir='ltr'>tac„</span> <span class='ocrx_word' id='word_1_398' title='bbox 2524 2756 2569 2789; x_wconf 75' lang='lat' dir='ltr'>s·</span> 
     </span>
     <span class='ocr_line' id='line_1_57' title="bbox 1560 2806 2575 2874; baseline 0 -15"><span class='ocrx_word' id='word_1_399' title='bbox 1560 2809 1663 2859; x_wconf 87' lang='lat' dir='ltr'>Cic.</span> <span class='ocrx_word' id='word_1_400' title='bbox 1695 2806 1824 2860; x_wconf 84' lang='lat' dir='ltr'>Suu.</span> <span class='ocrx_word' id='word_1_401' title='bbox 1873 2806 1968 2871; x_wconf 86' lang='lat'>29,</span> <span class='ocrx_word' id='word_1_402' title='bbox 2015 2807 2109 2858; x_wconf 41' lang='lat'>8⁷2:</span> <span class='ocrx_word' id='word_1_403' title='bbox 2154 2824 2368 2874; x_wconf 82' lang='lat' dir='ltr'>quorum</span> <span class='ocrx_word' id='word_1_404' title='bbox 2410 2810 2575 2859; x_wconf 77' lang='lat' dir='ltr'>tacita</span> 
     </span>
     <span class='ocr_line' id='line_1_58' title="bbox 1554 2874 2571 2944; baseline -0.001 -17"><span class='ocrx_word' id='word_1_405' title='bbox 1554 2880 1795 2944; x_wconf 73' lang='lat' dir='ltr'>gravitas</span> <span class='ocrx_word' id='word_1_406' title='bbox 1818 2905 1886 2912; x_wconf 89' lang='lat'><em>-</em></span> <span class='ocrx_word' id='word_1_407' title='bbox 1907 2875 2159 2943; x_wconf 81' lang='lat' dir='ltr'>loquitur,-</span> <span class='ocrx_word' id='word_1_408' title='bbox 2198 2874 2370 2928; x_wconf 87' lang='lat' dir='ltr'>Milon.</span> <span class='ocrx_word' id='word_1_409' title='bbox 2395 2876 2443 2939; x_wconf 88' lang='grc'>5,</span> <span class='ocrx_word' id='word_1_410' title='bbox 2478 2875 2571 2926; x_wconf 81' lang='lat'>12:</span> 
     </span>
     <span class='ocr_line' id='line_1_59' title="bbox 1560 2943 2574 3006; baseline -0.001 -10"><span class='ocrx_word' id='word_1_411' title='bbox 1560 2948 1728 2997; x_wconf 75' lang='lat' dir='ltr'>tacitis</span> <span class='ocrx_word' id='word_1_412' title='bbox 1744 2943 2161 3006; x_wconf 70' lang='lat' dir='ltr'>adsensz&#39;onibu35</span> <span class='ocrx_word' id='word_1_413' title='bbox 2179 2946 2258 2994; x_wconf 87' lang='lat' dir='ltr'>die</span> <span class='ocrx_word' id='word_1_414' title='bbox 2269 2943 2438 2995; x_wconf 80' lang='lat' dir='ltr'>Bamb.</span> <span class='ocrx_word' id='word_1_415' title='bbox 2451 2943 2574 2995; x_wconf 77' lang='lat' dir='ltr'>Eds·</span> 
     </span>
     <span class='ocr_line' id='line_1_60' title="bbox 1560 3011 2572 3080; baseline -0.001 -16"><span class='ocrx_word' id='word_1_416' title='bbox 1560 3016 1669 3065; x_wconf 84' lang='lat' dir='ltr'>hat:</span> <span class='ocrx_word' id='word_1_417' title='bbox 1703 3028 1802 3080; x_wconf 81' lang='lat' dir='ltr'>qua</span> <span class='ocrx_word' id='word_1_418' title='bbox 1821 3016 1855 3062; x_wconf 87' lang='lat' dir='ltr'>t.</span> <span class='ocrx_word' id='word_1_419' title='bbox 1870 3032 1889 3062; x_wconf 89' lang='lat'>.·</span> <span class='ocrx_word' id='word_1_420' title='bbox 1921 3028 2067 3063; x_wconf 88' lang='lat' dir='ltr'>wenn</span> <span class='ocrx_word' id='word_1_421' title='bbox 2095 3028 2153 3063; x_wconf 86' lang='lat' dir='ltr'>er</span> <span class='ocrx_word' id='word_1_422' title='bbox 2174 3013 2255 3062; x_wconf 84' lang='lat' dir='ltr'>ihr</span> <span class='ocrx_word' id='word_1_423' title='bbox 2275 3012 2398 3062; x_wconf 80' lang='lat' dir='ltr'>auch</span> <span class='ocrx_word' id='word_1_424' title='bbox 2423 3011 2572 3069; x_wconf 79' lang='lat' dir='ltr'>keine</span> 
     </span>
     <span class='ocr_line' id='line_1_61' title="bbox 1562 3081 2572 3148; baseline -0.001 -16"><span class='ocrx_word' id='word_1_425' title='bbox 1562 3081 1747 3133; x_wconf 84' lang='lat' dir='ltr'>Worte</span> <span class='ocrx_word' id='word_1_426' title='bbox 1766 3081 1996 3145; x_wconf 83' lang='lat' dir='ltr'>geliehen</span> <span class='ocrx_word' id='word_1_427' title='bbox 2013 3082 2167 3143; x_wconf 80' lang='lat' dir='ltr'>hatte,</span> <span class='ocrx_word' id='word_1_428' title='bbox 2191 3084 2432 3148; x_wconf 75' lang='lat' dir='ltr'>moment.</span> <span class='ocrx_word' id='word_1_429' title='bbox 2451 3081 2572 3133; x_wconf 74' lang='lat' dir='ltr'>hab.</span> 
     </span>
     <span class='ocr_line' id='line_1_62' title="bbox 1560 3146 2574 3212; baseline -0.001 -14"><span class='ocrx_word' id='word_1_430' title='bbox 1560 3150 1734 3200; x_wconf 86' lang='lat' dir='ltr'>wiirde</span> <span class='ocrx_word' id='word_1_431' title='bbox 1759 3150 1888 3199; x_wconf 81' lang='lat' dir='ltr'>daun</span> <span class='ocrx_word' id='word_1_432' title='bbox 1913 3148 2006 3198; x_wconf 83' lang='lat' dir='ltr'>auf</span> <span class='ocrx_word' id='word_1_433' title='bbox 2023 3149 2101 3199; x_wconf 88' lang='lat' dir='ltr'>die</span> <span class='ocrx_word' id='word_1_434' title='bbox 2127 3146 2318 3201; x_wconf 85' lang='lat' dir='ltr'>Person</span> <span class='ocrx_word' id='word_1_435' title='bbox 2343 3148 2574 3212; x_wconf 75' lang='lat' dir='ltr'>bezogen</span> 
     </span>
     <span class='ocr_line' id='line_1_63' title="bbox 1562 3214 2576 3285; baseline -0.005 -14"><span class='ocrx_word' id='word_1_436' title='bbox 1562 3220 1671 3273; x_wconf 83' lang='lat' dir='ltr'>sein</span> <span class='ocrx_word' id='word_1_437' title='bbox 1697 3217 1793 3267; x_wconf 87' lang='lat' dir='ltr'>wie</span> <span class='ocrx_word' id='word_1_438' title='bbox 1828 3217 1877 3281; x_wconf 89' lang='grc'>4,</span> <span class='ocrx_word' id='word_1_439' title='bbox 1903 3214 1985 3280; x_wconf 90' lang='grc'>12,</span> <span class='ocrx_word' id='word_1_440' title='bbox 2021 3216 2075 3266; x_wconf 82' lang='lat'>9:</span> <span class='ocrx_word' id='word_1_441' title='bbox 2120 3220 2206 3285; x_wconf 72' lang='lat' dir='ltr'>qm·</span> <span class='ocrx_word' id='word_1_442' title='bbox 2232 3216 2428 3268; x_wconf 80' lang='lat' dir='ltr'>nullum</span> <span class='ocrx_word' id='word_1_443' title='bbox 2459 3232 2576 3266; x_wconf 85' lang='lat' dir='ltr'>mo-</span> 
     </span>
     <span class='ocr_line' id='line_1_64' title="bbox 1563 3282 2578 3350; baseline -0.004 -13"><span class='ocrx_word' id='word_1_444' title='bbox 1563 3290 1792 3337; x_wconf 82' lang='lat' dir='ltr'>mentum</span> <span class='ocrx_word' id='word_1_445' title='bbox 1813 3313 1881 3321; x_wconf 94' lang='lat'>—</span> <span class='ocrx_word' id='word_1_446' title='bbox 1896 3286 2152 3350; x_wconf 75' lang='lat' dir='ltr'>fecisset,·</span> <span class='ocrx_word' id='word_1_447' title='bbox 2182 3285 2228 3349; x_wconf 87' lang='lat'>7,</span> <span class='ocrx_word' id='word_1_448' title='bbox 2245 3282 2366 3349; x_wconf 83' lang='lat'>8,2;</span> <span class='ocrx_word' id='word_1_449' title='bbox 2392 3284 2473 3345; x_wconf 86' lang='lat'>42,</span> <span class='ocrx_word' id='word_1_450' title='bbox 2488 3284 2578 3348; x_wconf 83' lang='lat'>45,</span> 
     </span>
     <span class='ocr_line' id='line_1_65' title="bbox 1564 3352 2578 3406; baseline -0.001 -2"><span class='ocrx_word' id='word_1_451' title='bbox 1564 3355 1621 3405; x_wconf 78' lang='lat'>3:</span> <span class='ocrx_word' id='word_1_452' title='bbox 1662 3353 1856 3406; x_wconf 68' lang='lat' dir='ltr'>Rhodii</span> <span class='ocrx_word' id='word_1_453' title='bbox 1891 3355 2117 3403; x_wconf 68' lang='lat' dir='ltr'>mam‘mz&#39;</span> <span class='ocrx_word' id='word_1_454' title='bbox 2146 3356 2395 3404; x_wconf 76' lang='lat' dir='ltr'>momenti</span> <span class='ocrx_word' id='word_1_455' title='bbox 2417 3352 2578 3405; x_wconf 73' lang='lat' dir='ltr'>Imbe-</span> 
     </span>
     <span class='ocr_line' id='line_1_66' title="bbox 1565 3419 2581 3485; baseline -0.006 -8"><span class='ocrx_word' id='word_1_456' title='bbox 1565 3425 1768 3477; x_wconf 78' lang='lat' dir='ltr'>bantur.</span> <span class='ocrx_word' id='word_1_457' title='bbox 1790 3450 1859 3459; x_wconf 93' lang='lat'><strong>—</strong></span> <span class='ocrx_word' id='word_1_458' title='bbox 1877 3425 2138 3483; x_wconf 77' lang='lat' dir='ltr'>accurata,</span> <span class='ocrx_word' id='word_1_459' title='bbox 2163 3419 2581 3485; x_wconf 74' lang='lat' dir='ltr'>sorgffiltig&#39;aus·</span> 
     </span>
     <span class='ocr_line' id='line_1_67' title="bbox 1564 3487 2578 3557; baseline -0.003 -16"><span class='ocrx_word' id='word_1_460' title='bbox 1564 3490 1871 3555; x_wconf 74' lang='lat' dir='ltr'>gearheitet,</span> <span class='ocrx_word' id='word_1_461' title='bbox 1917 3505 1957 3540; x_wconf 88' lang='lat' dir='ltr'>s.</span> <span class='ocrx_word' id='word_1_462' title='bbox 1983 3487 2170 3555; x_wconf 20' lang='lat'>35,-3.1,</span> <span class='ocrx_word' id='word_1_463' title='bbox 2198 3490 2255 3553; x_wconf 85' lang='lat'>43</span> <span class='ocrx_word' id='word_1_464' title='bbox 2298 3488 2381 3553; x_wconf 84' lang='lat'>28,</span> <span class='ocrx_word' id='word_1_465' title='bbox 2407 3487 2488 3557; x_wconf 86' lang='lat'>43,</span> <span class='ocrx_word' id='word_1_466' title='bbox 2519 3489 2578 3550; x_wconf 82' lang='lat'>13</span> 
     </span>
     <span class='ocr_line' id='line_1_68' title="bbox 1564 3557 2580 3625; baseline -0.002 -16"><span class='ocrx_word' id='word_1_467' title='bbox 1564 3558 1685 3609; x_wconf 86' lang='lat' dir='ltr'>Tac.</span> <span class='ocrx_word' id='word_1_468' title='bbox 1704 3558 1764 3611; x_wconf 89' lang='grc' dir='ltr'>Η.</span> <span class='ocrx_word' id='word_1_469' title='bbox 1784 3558 1829 3625; x_wconf 87' lang='grc'>4,</span> <span class='ocrx_word' id='word_1_470' title='bbox 1858 3557 1945 3608; x_wconf 83' lang='lat'>68:</span> <span class='ocrx_word' id='word_1_471' title='bbox 1970 3558 2218 3609; x_wconf 82' lang='lat' dir='ltr'>meditata</span> <span class='ocrx_word' id='word_1_472' title='bbox 2239 3559 2488 3609; x_wconf 77' lang='lat' dir='ltr'>oratione.</span> <span class='ocrx_word' id='word_1_473' title='bbox 2506 3585 2580 3595; x_wconf 91' lang='lat'>—</span> 
     </span>
     <span class='ocr_line' id='line_1_69' title="bbox 1561 3626 2582 3691; baseline -0.005 -12"><span class='ocrx_word' id='word_1_474' title='bbox 1561 3642 1793 3689; x_wconf 66' lang='lat' dir='ltr'>necess-e,</span> <span class='ocrx_word' id='word_1_475' title='bbox 1829 3642 1885 3676; x_wconf 87' lang='lat' dir='ltr'>so</span> <span class='ocrx_word' id='word_1_476' title='bbox 1915 3626 2138 3679; x_wconf 81' lang='lat' dir='ltr'>schreibt</span> <span class='ocrx_word' id='word_1_477' title='bbox 2166 3626 2223 3677; x_wconf 90' lang='lat' dir='ltr'>L.</span> <span class='ocrx_word' id='word_1_478' title='bbox 2259 3627 2454 3691; x_wconf 84' lang='lat' dir='ltr'>immer,</span> <span class='ocrx_word' id='word_1_479' title='bbox 2482 3641 2582 3675; x_wconf 86' lang='lat' dir='ltr'>nur</span> 
     </span>
     <span class='ocr_line' id='line_1_70' title="bbox 1564 3688 2580 3757; baseline -0.003 -12"><span class='ocrx_word' id='word_1_480' title='bbox 1564 3696 1675 3745; x_wconf 86' lang='lat' dir='ltr'>hier</span> <span class='ocrx_word' id='word_1_481' title='bbox 1693 3695 1792 3757; x_wconf 85' lang='lat' dir='ltr'>und</span> <span class='ocrx_word' id='word_1_482' title='bbox 1810 3695 1948 3745; x_wconf 85' lang='lat' dir='ltr'>viell.</span> <span class='ocrx_word' id='word_1_483' title='bbox 1971 3693 2052 3756; x_wconf 85' lang='lat'>39,</span> <span class='ocrx_word' id='word_1_484' title='bbox 2080 3695 2127 3754; x_wconf 70' lang='lat'>5,</span> <span class='ocrx_word' id='word_1_485' title='bbox 2155 3694 2185 3744; x_wconf 91' lang='grc'>9</span> <span class='ocrx_word' id='word_1_486' title='bbox 2211 3696 2297 3745; x_wconf 86' lang='lat' dir='ltr'>hat</span> <span class='ocrx_word' id='word_1_487' title='bbox 2314 3694 2392 3745; x_wconf 87' lang='lat' dir='ltr'>die</span> <span class='ocrx_word' id='word_1_488' title='bbox 2412 3688 2580 3744; x_wconf 83' lang='lat' dir='ltr'>Maiu-</span> 
     </span>
     <span class='ocr_line' id='line_1_71' title="bbox 1564 3762 2577 3825; baseline -0.001 -12"><span class='ocrx_word' id='word_1_489' title='bbox 1564 3779 1655 3814; x_wconf 86' lang='lat' dir='ltr'>zer</span> <span class='ocrx_word' id='word_1_490' title='bbox 1678 3763 1799 3813; x_wconf 79' lang='lat' dir='ltr'>Hds,</span> <span class='ocrx_word' id='word_1_491' title='bbox 1835 3764 1923 3813; x_wconf 86' lang='lat' dir='ltr'>das</span> <span class='ocrx_word' id='word_1_492' title='bbox 1960 3762 2364 3819; x_wconf 74' lang='lat' dir='ltr'>alterthiimliche</span> <span class='ocrx_word' id='word_1_493' title='bbox 2396 3777 2577 3825; x_wconf 67' lang='lat' dir='ltr'>neees-</span> 
     </span>
     <span class='ocr_line' id='line_1_72' title="bbox 1563 3830 2579 3898; baseline -0.003 -15"><span class='ocrx_word' id='word_1_494' title='bbox 1563 3849 1696 3883; x_wconf 77' lang='lat' dir='ltr'>sum.</span> <span class='ocrx_word' id='word_1_495' title='bbox 1723 3859 1789 3867; x_wconf 82' lang='lat'>--</span> <span class='ocrx_word' id='word_1_496' title='bbox 1815 3833 1903 3898; x_wconf 74' lang='lat' dir='ltr'>qui</span> <span class='ocrx_word' id='word_1_497' title='bbox 1924 3835 2118 3893; x_wconf 78' lang='lat' dir='ltr'>tamen,</span> <span class='ocrx_word' id='word_1_498' title='bbox 2156 3832 2460 3895; x_wconf 80' lang='lat' dir='ltr'>ungeachtet</span> <span class='ocrx_word' id='word_1_499' title='bbox 2483 3830 2579 3881; x_wconf 83' lang='lat' dir='ltr'>der</span> 
     </span>
     <span class='ocr_line' id='line_1_73' title="bbox 1564 3900 2576 3961; baseline -0.003 -10"><span class='ocrx_word' id='word_1_500' title='bbox 1564 3903 1846 3953; x_wconf 76' lang='lat' dir='ltr'>auotoritas</span> <span class='ocrx_word' id='word_1_501' title='bbox 1869 3900 1968 3950; x_wconf 89' lang='lat' dir='ltr'>und</span> <span class='ocrx_word' id='word_1_502' title='bbox 1993 3900 2082 3949; x_wconf 88' lang='lat' dir='ltr'>der</span> <span class='ocrx_word' id='word_1_503' title='bbox 2104 3904 2349 3950; x_wconf 82' lang='lat' dir='ltr'>accurata</span> <span class='ocrx_word' id='word_1_504' title='bbox 2379 3901 2576 3961; x_wconf 77' lang='lat' dir='ltr'>oratio,-</span> 
     </span>
     <span class='ocr_line' id='line_1_74' title="bbox 1565 3964 2579 4037; baseline 0.001 -18"><span class='ocrx_word' id='word_1_505' title='bbox 1565 3969 1690 4020; x_wconf 83' lang='lat' dir='ltr'>doch</span> <span class='ocrx_word' id='word_1_506' title='bbox 1714 3969 1785 4020; x_wconf 84' lang='lat' dir='ltr'>ist</span> <span class='ocrx_word' id='word_1_507' title='bbox 1807 3969 1886 4020; x_wconf 84' lang='lat' dir='ltr'>die</span> <span class='ocrx_word' id='word_1_508' title='bbox 1906 3964 2240 4037; x_wconf 81' lang='lat' dir='ltr'>Aukniipt&#39;ung</span> <span class='ocrx_word' id='word_1_509' title='bbox 2258 3974 2418 4029; x_wconf 69' lang='lat' dir='ltr'>etwas</span> <span class='ocrx_word' id='word_1_510' title='bbox 2441 3968 2579 4021; x_wconf 69' lang='lat' dir='ltr'>hart·</span> 
     </span>
    </p>
   </div>
   <div class='ocr_carea' id='block_1_11' title="bbox 2849 0 2861 1017">
    <p class='ocr_par' dir='ltr' id='par_1_12' title="bbox 2849 0 2861 1017">
     <span class='ocr_line' id='line_1_75' title="bbox 2849 0 2861 1017; baseline 0 0"><span class='ocrx_word' id='word_1_511' title='bbox 2849 0 2861 1017; x_wconf 95' lang='lat' dir='ltr'> </span> 
     </span>
    </p>
   </div>
   <div class='ocr_carea' id='block_1_12' title="bbox 2847 1274 2861 2577">
    <p class='ocr_par' dir='ltr' id='par_1_13' title="bbox 2847 1274 2861 2577">
     <span class='ocr_line' id='line_1_76' title="bbox 2847 1274 2861 2577; baseline 0 0"><span class='ocrx_word' id='word_1_512' title='bbox 2847 1274 2861 2577; x_wconf 95' lang='lat' dir='ltr'> </span> 
     </span>
    </p>
   </div>
   <div class='ocr_carea' id='block_1_13' title="bbox 2848 2718 2861 3907">
    <p class='ocr_par' dir='ltr' id='par_1_14' title="bbox 2848 2718 2861 3907">
     <span class='ocr_line' id='line_1_77' title="bbox 2848 2718 2861 3907; baseline 0 0"><span class='ocrx_word' id='word_1_513' title='bbox 2848 2718 2861 3907; x_wconf 95' lang='lat' dir='ltr'> </span> 
     </span>
    </p>
   </div>
  </div>
 </body>
</html>
