2861 4550
257 395 297 424 a.
320 382 399 425 011.
423 383 516 423 200.
901 365 1095 417 LIBER
1117 364 1315 419 XXXI.
1375 364 1518 416 (Ῑ-ΑΡ.Δ
1541 362 1626 416 16.
1656 364 1735 415 17.
2295 364 2373 427 31

252 522 550 587 niensium
585 538 761 599 agros
790 521 995 594 misso,
1025 520 1213 583 classe
1234 519 1452 582 tradita
1481 514 1787 593 Heraclidi,
1816 526 1882 579 ut
1905 517 2241 578 Maroneam
2271 536 2379 596 pe·-
2419 531 2451 582 3

250 614 428 679 teret,
468 605 596 684 ipse
634 615 788 667 terra
829 605 1038 675 eodem
1081 624 1212 669 cnm
1254 603 1560 685 expeditis·
1580 603 1812 665 duobus
1845 602 2082 665 milibus
2112 601 2379 682 peditum

253 690 546 771 equitibus
595 690 865 752 ducentis
900 690 1106 768 pergit.
1172 698 1231 750 et
1265 689 1601 751 Maroneam
1641 688 1877 767 quidem
1920 687 2114 767 primo
2154 687 2378 766 impetu
2416 694 2452 743 4

254 774 628 856 expugnavit;
655 776 885 836 Aenum
906 774 1047 836 inde
1065 793 1199 836 cum
1221 792 1438 855 magno
1460 773 1680 847 labore,
1711 780 2016 852 postremo
2041 790 2150 851 per
2171 771 2378 851 prodi-

253 861 476 922 tionem
513 858 840 921 Callimedis
890 859 1164 938 praefecti
1203 856 1528 919 Ptolomaei
1573 858 1740 936 cepit.
1810 857 2087 936 deinceps
2108 856 2236 916 alia
2278 874 2377 916 ca-

255 945 434 1018 stella,
466 944 704 1024 Cypsela
732 954 794 1005 et
821 944 1114 1005 Doriscon
1146 951 1203 1004 et
1232 943 1869 1021 Serrheum,occupat.
1921 942 2064 1011 ,inde
2093 959 2377 1020 progres-
2419 943 2450 993 5

253 1049 357 1091 sus
411 1030 485 1091 ad
532 1029 967 1090 Chersonesum
1013 1029 1311 1090 Elaeunta.
1343 1035 1400 1088 et
1445 1028 1958 1106 Alopeconnesum
2009 1025 2376 1087 tradentibus

248 1113 399 1194 ipsis
429 1113 650 1193 recipit.
703 1113 997 1193 Callipolis
1027 1132 1262 1192 quoque
1283 1121 1341 1173 et
1360 1112 1626 1191 Madytos
1651 1112 1842 1172 dedita
1865 1118 1921 1171 et
1945 1111 2174 1172 castella
2196 1128 2375 1190 quae-

250 1200 383 1260 dam
422 1198 720 1277 ignobilia.
780 1199 1041 1278 Abydeni
1081 1217 1157 1258 ne
1194 1198 1396 1275 legatis
1438 1197 1673 1276 quidem
1711 1195 1990 1258 admissis
2020 1195 2142 1275 regi
2171 1203 2375 1274 portas
2418 1195 2449 1246 6

249 1285 601 1347 clauserunt.
660 1302 727 1344 ea
759 1283 1120 1363 oppugnatio
1147 1283 1246 1344 diu
1273 1281 1613 1361 Philippum
1644 1281 1847 1354 tenuit,
1878 1281 2138 1359 eripique
2167 1299 2233 1340 ex
2267 1279 2403 1340 ob-'

251 1369 499 1441 sidione,
530 1368 592 1429 ni
624 1377 917 1430 cessatum
949 1368 1022 1430 ab
1051 1367 1237 1430 Attalo
1268 1376 1326 1428 et
1346 1366 1595 1429 Rhodiis
1626 1367 1793 1439 foret,
1821 1373 2159 1444 potuerunt.
2212 1365 2374 1425 Atta—
2419 1364 2448 1412 7

247 1454 340 1515 lus
371 1460 671 1515 trecentos
699 1461 927 1515 tantum
957 1453 1168 1515 milites
1199 1454 1259 1514 in
1282 1451 1672 1530 praesidium,
1703 1450 1916 1511 Rhodii
1945 1449 2378 1530 quadriremem

248 1556 535 1627 unamsssx
566 1537 779 1613 classe,
813 1557 948 1601 cum
979 1539 1054 1598 ad
1082 1538 1386 1598 Tenedum
1419 1545 1624 1610 staret,
1657 1537 1962 1597 miserunt.
2017 1535 2234 1596 eodem
2260 1552 2374 1612 poe
2417 1532 2449 1584 8

250 1632 399 1696 stea,
438 1641 573 1684 cum
614 1624 730 1684 iam
769 1623 862 1683 vix
902 1623 1259 1684 sustinerent
1296 1621 1695 1694 obsidionem,
1737 1628 1794 1682 et
1826 1621 1954 1699 ipse
1982 1619 2206 1680 Attalus
2239 1636 2373 1679 cum

248 1706 594 1782 traiecisset,
623 1726 790 1787 spem
806 1715 1043 1769 »tantum
1067 1707 1261 1769 anxilii
1281 1727 1350 1769 ex
1370 1706 1713 1786 propinquo
1738 1704 1992 1766 ostendit
2011 1721 2198 1782 neque
2219 1708 2377 1764 terra

250 1810 445 1871 neque
471 1791 623 1852 mari
652 1791 864 1853 adiutis
897 1792 1092 1853 sociis.
1983 1844 1986 1855 ⁴
2260 1820 2266 1831 ·

424 1875 685 1954 Abydeni
734 1877 928 1956 primo
970 1877 1280 1938 tormentis
1318 1895 1428 1955 per
1465 1894 1673 1936 muros
1715 1873 2020 1954 dispositis
2058 1884 2185 1934 non
2220 1880 2377 1935 terra
2403 1864 2481 1927 1¹7

251 1960 436 2021 modo
468 1960 731 2023 adeuntis
762 1962 920 2022 aditu
951 1960 1243 2035 arcebant,
1276 1963 1379 2022 sed
1409 1960 1645 2023 navium
1675 1978 1911 2039 quoque
1942 1958 2254 2020 stationem
2281 1958 2376 2019 in-

248 2046 458 2106 festam
497 2046 657 2107 hosti
695 2046 993 2109 faciebant.
1054 2054 1291 2126 postea,
1333 2064 1467 2107 cum
1507 2053 1566 2106 et
1602 2045 1758 2106 muri
1796 2062 1934 2123 pars
1976 2050 2157 2105 strata
2185 2043 2374 2104 ruinis
2416 2035 2449 2086 2

250 2138 307 2191 et
336 2130 409 2191 ad
438 2129 776 2191 interiorem
806 2131 1019 2211 raptim
1047 2131 1392 2211 oppositum
1416 2148 1651 2193 murum
1679 2129 1960 2192 cuniculis
1983 2129 2101 2189 iam
2125 2147 2377 2207 perven-

247 2222 375 2277 tum
417 2224 601 2288 esset,
647 2215 872 2296 legatos
908 2217 984 2279 ad
1022 2235 1219 2296 regem
1263 2217 1335 2277 de
1374 2215 1821 2280 condicionibus
1861 2213 2175 2275 tradendae
2210 2212 2377 2275 urbis

1362 2384 1620 2453 praesim,
1652 2385 1755 2447 vgl.
1784 2383 1873 2451 28,
1897 2382 1986 2447 28,
2012 2382 2075 2444 2‘3
2103 2381 2194 2446 21,
2220 2383 2301 2449 60,
2325 2383 2374 2434 5.

1364 2479 1435 2488 -
1446 2451 1621 2502 eodem
1638 2453 1761 2501 nach
1775 2450 2029 2513 Tenedos,
2048 2450 2242 2501 siidlich
2261 2466 2377 2502 vom

1364 2518 1680 2585 Hellespont.
1704 2547 1773 2556 —-
1796 2535 1958 2585 neque
1979 2546 2049 2555 --
2070 2518 2266 2569 adiutis
2288 2519 2377 2571 be·

1365 2588 1504 2637 zieht
1521 2588 1625 2637 sich
1646 2588 1915 2650 eigentlicb
1939 2585 2031 2636 auf
2048 2588 2143 2636 den
2161 2590 2213 2636 in
2231 2601 2375 2655 spem

236 2386 415 2452 praef.
433 2399 533 2435 von
552 2385 725 2436 seiuen
745 2382 1047 2435 Generfflen.
1072 2411 1142 2421 —
1162 2383 1260 2434 He·

242 2452 439 2512 radidi,
461 2467 504 2502 s.
518 2451 599 2516 32,
613 2453 744 2501 5.-
766 2452 990 2520 expedit.
1009 2451 1130 2518 mil.²
1154 2452 1259 2514 vgl.

243 2535 290 2569 c·
314 2518 851 2636 ἓξὲᾊᾌὲἇνοηοωη
895 2602 945 2636 u.
992 2586 1077 2636 die
1132 2586 1255 2651 fulg.

243 2654 427 2704 Stiidte
472 2653 621 2716 lagen
675 2668 737 2703 an
795 2654 888 2703 der
940 2655 1254 2706 thracischen

240 2717 433 2783 Kiiste,
469 2735 531 2772 nn
568 2722 662 2770 den
689 2719 820 2771 Seen
843 2720 1079 2786 Ismarus,
1104 2722 1254 2772 Sten-

240 2790 370 2840 toris
405 2791 506 2839 und
539 2790 649 2839 dem
673 2788 855 2840 Flusse
888 2790 1112 2857 Hebrus,
1154 2792 1254 2841 seit

241 2856 532 2909 Ptolemius
594 2857 875 2920 Euergetes
943 2858 1103 2908 haben
1171 2859 1252 2909 die

239 2924 505 2992 Aegypter
544 2926 597 2974 in
638 2923 887 2975 Thracien
933 2925 1012 2976 bis
1055 2941 1123 2976 «an
1172 2926 1252 2976 die

239 2993 620 3044 macedonisehe
656 2992 859 3043 Grenze
890 2995 989 3045 und
1022 3009 1102 3043 am
1132 2993 1253 3044 Hel-

240 3061 444 3127 lespont
462 3061 823 3125 Eroberungen
842 3063 1082 3125 gemacht,
1108 3077 1148 3111 s.
1169 3060 1252 3126 32,

238 3127 334 3190 343
361 3128 540 3194 Polyb.
565 3128 613 3190 5,
638 3128 721 3191 34,
746 3131 848 3180 und
872 3130 947 3179 sie
973 3145 1084 3180 zum
1105 3128 1252 3180 Tbeil

239 3196 317 3246 bis
346 3197 485 3259 jetzt
520 3196 806 3263 behauptet.
829 3225 900 3236 -
925 3197 1164 3249 Cher-son.
1200 3215 1248 3247 n.

239 3263 503 3314 Thraciam
547 3264 639 3313 auf
679 3266 772 3315 der
797 3266 881 3315 die
914 3263 1037 3330 folg.
1073 3263 1252 3316 Stiidte

239 3332 434 3394 lingon,
468 3331 546 3380 die
572 3332 879 3396 wichtigste,
902 3334 1251 3400 Alopeconne-

239 3414 352 3460 sus,
380 3412 444 3448 an
469 3397 562 3447 der
584 3398 782 3463 West-,
817 3401 1035 3466 Elaeae,
1070 3417 1131 3452 au
1158 3403 1252 3453 der

238 3466 486 3518 Ostseite.
511 3492 582 3502 --
602 3468 751 3533 ipsis,
777 3484 819 3519 s.
844 3468 894 3531 6,
919 3468 1003 3531 30,
1029 3470 1078 3520 9.

307 3534 478 3584 6-8,
533 3533 789 3599 Abydeni,
842 3537 1019 3603 Polyb.
1067 3553 1109 3587 c.
1158 3537 1247 3588 29:

239 3603 350 3667 ἵνα,
376 3596 476 3654 ἐὰν
499 3602 790 3669 προθῆται
813 3601 1124 3669 διαβαίνειν
1144 3595 1247 3655 αὗ-

235 3677 337 3727 θις
382 3671 464 3727 εἰς
509 3666 611 3734 τὴν
655 3672 874 3736 Ασίαν,
926 3667 1251 3742 ἐπιβάθραν

237 3736 360 3807 ἔχοι
378 3734 478 3803 τὴν
486 3731 740 3803 Ἄβυδον.
756 3767 827 3776 --
840 3744 1122 3807 potuerunt
1130 3742 1250 3803 geht

234 3808 428 3857 wieder
472 3805 564 3857 auf
593 3806 859 3874 Abydeni,
906 3809 986 3857 die
1027 3808 1152 3858 auch
1200 3808 1250 3858 in

234 3892 298 3927 ea
315 3877 724 3944 oppugn.'=oe‘us
736 3875 1139 3944 (Abydenorum)
1154 3892 1248 3928 m·—

237 3947 315 3994 ln‘s
332 3959 448 4013 opp.
461 3946 764 4009 angedeutet
782 3946 908 3995 sind.
921 3947 1053 3995 -in
1067 3949 1243 4013 praes.

233 4033 307 4055 ==
333 4016 397 4063 ut
424 4018 601 4065 essent
623 4013 879 4082 praeeid„
915 4013 1145 4079 hiiufiger
1176 4013 1248 4065 ad

1364 2660 1494 2706 tant.
1524 2661 1619 2706 ost.
1644 2672 1740 2706 nur
1773 2656 2138 2719 angedeuteteu
2165 2654 2374 2719 Begriff:

1363 2739 1424 2773 er
1446 2724 1569 2774 liess
1594 2723 1670 2773 sie
1696 2724 1761 2773 im
1786 2724 1981 2787 Stiche,
2007 2723 2239 2772 tiiusclite
2264 2723 2374 2772 ihre

1361 2791 1635 2854 Hoffimng‚
1684 2792 1905 2842 dadurcl}
1950 2791 2069 2840 dass
2116 2805 2178 2840 er
2221 2790 2373 2854 nicht,

1360 2875 1405 2944 ’8.
1430 2859 1761 2979 2ΙΞᾸκῙΞ-ἳ.
1799 2929 1970 2983 terra,
2004 2924 2083 2973 die
2113 2939 2177 2972 zu
2201 2923 2373 2972 Laude

1360 2994 1742 3054 anriickenden,
1790 3007 1848 3040 so
1891 2992 2007 3040 dass
2049 2989 2196 3041 aditu
2237 2991 2375 3040 nicht

1361 3061 1665 3124 iiberfliissig
1687 3060 1773 3109 ist.
1792 3083 1863 3098 -—-
1884 3059 2150 3124 i‘tff'estam.
2175 3059 2371 3108 machte

1361 3131 1444 3179 die
1469 3128 1640 3179 Rhede
1668 3126 1754 3177 fiir
1783 3129 1857 3177 sie
1891 3126 2196 3191 gefiihrlich,
2230 3125 2373 3190 fiigte

1359 3199 1458 3247 den
1499 3196 1715 3247 Schiffen
1755 3193 1849 3246 auf
1890 3195 2156 3245 dei-selben
2206 3195 2372 3245 vielen

1360 3265 1587 3317 Schaden
1613 3282 1700 3315 zu:
1735 3279 1961 3327 genauer
1992 3263 2171 3329 Polyb.
2210 3278 2253 3313 c.
2281 3262 2371 3311 30:

1359 3333 1472 3385 τῶν
1502 3328 1641 3384 κατὰ
1674 3328 1966 3384 θάλατταν
2005 3327 2370 3399 προσαχθέν-

1358 3404 1472 3453 των
1515 3395 1935 3486 μηχανημάτων
1980 3394 2049 3449 τὰ
2142 3396 2202 3450 ὲν
2243 3402 2374 3456 τοῖς

1357 3470 1727 3541 πετροβολοις
1748 3464 2050 3524 τύπτοντες
2119 3461 2371 3518 ιεσάλευ-

1360 3551 1470 3590 σαν
1499 3565 1584 3602 -,
1613 3531 1755 3588 ὥστε
1789 3536 1883 3586 καὶ
1915 3530 2016 3591 τὰς
2038 3534 2175 3591 ναῦς
2192 3530 2373 3653 d1162.oe

1356 3599 1691 3658 ἀνασπάσαι
1713 3599 1843 3661 τοὺς
1867 3603 2173 3671 πολεμίους
2219 3619 2253 3652 κ
2270 3601 2372 3653 τοῦ

1356 3668 1638 3727 κινδύνου.
1656 3701 1725 3709 -
1741 3676 1911 3722 strata
1934 3674 2088 3735 min„
2113 3672 2164 3720 in
2188 3670 2369 3722 Triim-

1356 3753 1495 3794 mern
1523 3743 1600 3802 (so
1625 3742 1742 3791 dass
1768 3741 1842 3790 sie
1867 3740 1915 3788 in
1942 3737 2240 3789 Triimmern
2265 3737 2367 3800 lag)

1356 3809 1810 3873 niedergestreckt,
1846 3809 2019 3858 ruinis
2042 3807 2111 3857 ist
2133 3807 2243 3856 hier
2273 3805 2366 3854 ad-

1356 3878 1583 3928 verbiale
1629 3876 1993 3939 Bestimmung3
2048 3875 2233 3924 anders
2279 3871 2366 3933 21,

1360 3946 1440 4008 12,
1468 3945 1524 3995 2:
1558 3949 1731 3997 strata
1751 3947 1945 4004 ruinis,-
1979 3942 2043 3992 ib.
2075 3942 2160 4005 11,
2188 3939 2247 4001 63
2283 3938 2365 4005 42,

1357 4013 1449 4078 63,
1475 4015 1522 4066 7.
1547 4042 1615 4051 --
1638 4016 1797 4064 cunio.
1822 4018 1920 4062 etc.
1949 4026 1991 4060 c.
2017 4009 2109 4073 46,
2149 4007 2224 4074 10,
2258 4022 2362 4077 με·
