2861 4550
444 399 451 406 ’
547 385 629 450 98
1195 386 1407 440 >mena
1441 381 1640 441 xxx1.
1691 388 1834 440 CAP.
1865 388 1911 439 1.
1939 388 1987 439 2.
2407 400 2480 438 1.
2503 347 2549 438 a.
2570 399 2665 439 555.

545 549 929 620 propraetore
959 541 1241 621 seriptum
1275 542 1540 604 eculeum
1573 562 1704 604 eum
1739 543 1993 623 quinque
2023 538 2290 621 pedibuS‚
2323 537 2516 617 pullos
2545 538 2665 617 gal·
2699 584 2704 588 .

443 640 506 691 12
548 626 802 706 linaceos
838 627 946 689 tris
987 646 1120 689 cum
1157 628 1346 690 ternis·
1372 628 1624 708 pedibus
1654 636 1827 690 natos
1860 645 2009 686 esse.
2056 645 2103 686 -a
2133 625 2197 685 P.
2230 624 2330 685 Sul
2371 623 2487 683 icio
2517 641 2664 702 pro-
2711 659 2742 664 ·1

547 713 788 773 consule
829 731 898 774 ex
937 712 1271 775 Macedonia
1322 713 1544 776 litterae
1594 714 1841 782 adlatae,
1893 712 1956 772 in
2008 711 2221 791 quibus
2273 707 2292 768 i
2361 727 2426 769 er
2476 715 2667 771 cetera
2755 737 2760 740 ,

442 810 504 859 13
547 797 831 877 scriptum
872 806 1020 873 erat,
1063 799 1318 860 lauream
1355 798 1417 859 in
1446 799 1629 877 puppi
1660 797 1826 859 navis
1855 796 2060 874 longae
2088 803 2335 857 enatam.
2394 792 2660 873 priorum

544 884 953 963 prodigiorum
1006 902 1178 945 eausa
1230 891 1480 944 senatus>
1521 890 1850 956 censuerat,
1901 890 1967 942 ut
1993 881 2284 942 ‘eonsules
2337 878 2660 941 maioribus

441 978 503 1028 14
542 967 771 1042 hostiis,
803 969 1016 1049 quibus
1049 969 1160 1028 diis
1191 968 1498 1040 videretur,
1531 967 1947 1034 sacrificarent:
1989 967 2065 1028 ob
2094 968 2210 1027 hoc
2236 983 2422 1051 unum
2453 964 2660 1045 prodi-

542 1053 703 1130 gium
753 1053 1094 1133 haruspices
1135 1053 1195 1112 in
1228 1060 1501 1114 senatum
1539 1052 1748 1126 vocati,
1801 1061 1973 1132 atque
2011 1073 2081 1114 ex
2119 1068 2409 1132 responso
2447 1068 2658 1111 eorum

342 1163 347 1167 ·
433 1204 436 1207 ,
542 1138 889 1217 supplicatio
919 1137 1140 1217 populo
1169 1138 1234 1198 *in
1266 1138 1422 1199 diem
1451 1155 1635 1200 unum
1667 1136 1879 1214 edicta,
1919 1145 1976 1199 et
2004 1138 2076 1199 ad
2109 1137 2305 1199 omnia
2333 1135 2654 1217 pulvinaria

541 1239 636 1284 res
669 1222 899 1284 divinae
929 1224 1129 1284 saetae.
2506 1250 2512 1258 ·=

465 1309 505 1368 2
711 1307 1212 1388 Carthaginienses
1257 1325 1327 1368 eo
1369 1326 1525 1369 anno
1569 1316 1874 1388 argentum
1913 1301 1977 1369 in
2015 1307 2372 1387 stipendium
2411 1306 2661 1386 imposi-
2770 1295 2774 1297 ⁷

468 1404 500 1454 2
545 1399 670 1452 tum
720 1393 976 1472 primum
1007 1394 1259 1455 Romam
1312 1394 1685 1456 advexerunt.
1753 1394 1809 1454 id
1866 1393 1997 1474 quia
2049 1393 2302 1473 probum
2355 1409 2479 1454 non
2532 1411 2661 1453 esse

543 1487 883 1555 quaestores
915 1479 1401 1550 renuntiaverant,
1436 1480 1987 1559 experientibusque
2018 1498 2153 1559 pars
2184 1486 2391 1559 quarta
2421 1478 2661 1538 decocta
2757 1477 2766 1488 ”

542 1571 681 1637 erat,
698 1564 946 1644 pecunia
961 1564 1186 1625 Romae
1206 1572 1411 1625 mutua
1432 1572 1665 1643 sumpta
1690 1564 2185 1626 intertrimentum
2216 1563 2438 1643 argenti
2464 1563 2660 1643 exple·

467 1660 498 1710 3
541 1657 764 1711 verunt.
824 1650 1159 1729 petentibus
1192 1649 1439 1721 deinde,
1468 1656 1549 1723 ut,
1582 1650 1631 1711 si
1663 1650 1777 1711 iam
1806 1651 2098 1711 videretur
2129 1649 2381 1726 senatui,
2425 1648 2660 1709 obsides

541 1732 649 1795 sibi
674 1736 1070 1807 redderentur,
1098 1742 1331 1796 eentum
1353 1734 1568 1795 redditi
1600 1735 1860 1811 ohsides3
1891 1736 1963 1796 de
1988 1735 2208 1809 eeteriS,
2234 1734 2283 1796 si
2305 1735 2366 1796 in
2388 1734 2503 1795 fide
2523 1753 2660 1814 per·
2699 1776 2706 1779 ψ

465 1826 498 1875 4
538 1829 863 1895 manerent,
915 1840 1050 1900 spes
1091 1821 1255 1881 facta.
1326 1820 1663 1899 petentibus
1703 1821 1918 1894 isdem,
1973 1820 2070 1900 qui
2110 1839 2232 1882 non
2271 1819 2661 1895 reddebantur

540 1904 778 1967 obsides
820 1913 884 1966 ut
923 1905 994 1967 ab
1020 1904 1242 1978 Norba,
1273 1904 1371 1972 ubi
1402 1923 1612 1983 parum
1646 1906 1957 1968 commode
1989 1915 2218 1979 essent,
2249 1906 2359 1968 alio
2390 1906 2660 1966 traduce-

465 2004 496 2053 5
539 1997 756 2064 rentur,
779 2008 1148 2063 eoncessum,
1172 1998 1236 2051 ut
1261 1989 1523 2069 Signiam
1549 2000 1606 2052 et
1626 1993 2005 2053 Ferentinum
2027 1991 2361 2052 transirent.
2380 2026 2463 2035 —-
2482 1989 2655 2051 Gadi·

538 2075 689 2136 tanis
730 2076 870 2137 item
910 2075 1241 2155 petentibus
1281 2075 1623 2150 remissum,
1664 2096 1738 2138 ne
1766 2079 2091 2157 praefectus
2124 2076 2299 2156 Gadis
2334 2073 2661 2137 mitteretur

536 2284 597 2334 q.,
623 2265 757 2319 viell.
781 2268 976 2333 ricbtig,
1004 2285 1044 2318 s,
1063 2285 1127 2318 zu
1148 2267 1229 2332 23,
1250 2268 1298 2331 8,
1321 2266 1378 2330 33
1407 2267 1539 2319 Gro-

536 2352 636 2386 nov
656 2336 736 2402 28,
764 2336 851 2403 37,
879 2337 936 2398 23
970 2338 1072 2401 vgl.
1100 2335 1189 2398 26,
1220 2337 1306 2402 15,
1338 2337 1421 2400 12;
1457 2336 1540 2398 42,

537 2402 629 2466 66,
665 2405 714 2454 6.
740 2434 807 2443 —-
829 2407 998 2466 παυίε,
1030 2405 1250 2455 welches
1279 2405 1543 2468 Staatsgut

535 2487 658 2530 war,
686 2488 728 2522 s,
755 2470 838 2536 43,
869 2472 946 2537 13,
974 2473 1022 2537 5,
1049 2489 1111 2523 zu
1138 2473 1219 2533 21,
1246 2474 1325 2536 62,
1354 2473 1402 2522 6.

512 2576 516 2580 A
607 2538 839 2590 13-14,
876 2542 1011 2591 Ιιοετ.
1030 2543 1168 2591 mai..
1193 2541 1276 2604 33,
1302 2541 1384 2603 26,
1404 2541 1452 2590 9.
1473 2566 1543 2577 ——-

534 2609 666 2674 quib.
693 2608 742 2658 d.
769 2608 942 2674 υ.,’31,
968 2610 1015 2658 5.
1043 2608 1092 2658 3.
1116 2637 1186 2646 -
1208 2610 1421 2676 harusp.
1441 2616 1542 2659 etc.

534 2691 646 2726 man
680 2676 795 2727 fand
831 2679 919 2727 das
946 2677 1369 2740 Siihnungsmittel
1406 2678 1543 2726 nieht

534 2744 583 2794 in
609 2745 702 2795 den
728 2744 1211 2796 Pontifiealbiichern
1234 2745 1539 2808 angegeben.

533 2841 603 2849 —
625 2813 696 2864 ad
714 2830 850 2864 omn.
875 2815 1134 2879 ÷saota,
1170 2828 1225 2864 es
1249 2814 1424 2863 wurde
1450 2829 1539 2877 ge-

532 2881 673 2932 betet
702 2884 803 2933 und
838 2881 1069 2947 geopfert
1102 2897 1165 2932 an
1199 2881 1333 2932 alien
1361 2880 1538 2944 Orteu,

533 2964 612 3000 wo
625 2949 1011 3002 Giitterstatuen
1036 2949 1274 3003 aufihren
1285 2948 1538 3012 Polstern,

533 3018 665 3080 lecti,
702 3019 999 3084 aufgestellt
1030 3033 1228 3083 waren,
1268 3035 1310 3069 s.
1347 3017 1438 3081 31,
1475 3017 1537 3080 83

534 3085 615 3143 22,
648 3085 702 3148 13
730 3088 810 3150 24,
841 3087 927 3148 1ος
957 3087 1039 3148 27,
1066 3088 1098 3136 4
1121 3103 1170 3136 u.
1197 3103 1244 3137 a.

464 3174 469 3178 ·
600 3144 663 3202 2·
705 3154 849 3203 1-4.
885 3159 939 3204 in
958 3158 1078 3222 stip.
1103 3158 1170 3204 im
1213 3192 1243 3217 .,
1274 3155 1362 3204 das
1390 3154 1536 3203 ihnen

531 3219 783 3284 auferlegt
791 3235 999 3286 war,um
1010 3237 1065 3270 es
1076 3222 1152 3271 als
1212 3221 1538 3285 riegscontri-

533 3287 703 3338 bution
730 3306 793 3338 zu
819 3288 1012 3351 zahlen,
1037 3289 1114 3337 als
1139 3290 1308 3339 solehe
1326 3305 1377 3338 u.
1397 3305 1437 3339 s.
1455 3304 1537 3353 W„

532 3357 635 3419 vgl.
662 3355 743 3417 33,
770 3357 853 3418 46,
879 3356 934 3406 9:
953 3360 1191 3424 pecunia,
1217 3373 1343 3421 quae
1363 3360 1418 3406 in
1444 3359 1540 3406 sti-

530 3423 770 3492 pendium
793 3452 861 3461 —
877 3424 1218 3491 ponderatum
1258 3423 1344 3489 31,
1376 3423 1454 3486 16,
1482 3425 1509 3473 7
1523 3442 1535 3474 :

529 3496 582 3542 in
599 3492 937 3559 praesidium.
962 3519 1025 3528 -
1047 3497 1298 3560 primum,
1326 3492 1426 3555 vgl.
1454 3492 1533 3553 30,
1577 3496 1580 3497 ’

531 3559 613 3621 44,
641 3560 688 3610 4.
713 3589 774 3598 -—
824 3560 881 3612 id
912 3560 1045 3610 kann
1079 3562 1203 3611 auch
1237 3560 1327 3610 mit
1359 3561 1535 3629 eoeple-

528 3633 716 3679 verunt
770 3630 819 3678 in
878 3629 1165 3692 Beziehung
1221 3630 1416 3678 stehen.
1468 3657 1536 3667 -—

529 3702 825 3762 quaestores
855 3713 918 3748 an
952 3697 1032 3747 die
1066 3713 1122 3748 es
1165 3698 1410 3747 zuniichst
1451 3713 1537 3761 ge-

530 3766 667 3816 zahlt
707 3767 897 3817 wurde.
938 3794 1008 3803 —
1050 3767 1407 3834 eoepen‘entib..·
1457 3767 1534 3816 bei

529 3836 620 3884 der
651 3833 834 3897 Probe,
880 3834 950 3885 ist
989 3836 1250 3885 entweder
1278 3833 1391 3884 ΑΜ.
1433 3836 1534 3884 und

527 3903 591 3952 iis
625 3903 749 3953 oder
778 3905 1133 3968 quaestoribus
1165 3919 1229 3952 zu
1262 3903 1531 3967 ergiinzen,

529 3986 569 4019 s.
599 3987 662 4020 zu
685 3970 768 4033 23,
798 3971 878 4034 10,
901 3971 961 4033 93
998 3970 1079 4033 25,
1107 3969 1187 4030 41,
1214 3969 1261 4031 2,
1289 3972 1412 4020 oder
1434 3971 1534 4021 Da-

530 4039 618 4100 tiv,
645 4055 685 4089 a.
713 4039 795 4101 22,
821 4037 1424 4101 33,10333,18,1;9,
1452 4037 1530 4103 36,

1585 3811 1595 3825 ,
1643 3768 1692 3817 in
1720 3768 1886 3829 Setia,-
1920 3767 1985 3817 ib.
2021 3768 2053 3834 ξ

1655 2268 1755 2319 lu.
1790 2284 1860 2330 a.,
1895 2268 1993 2318 und
2029 2268 2125 2318 wie
2153 2284 2194 2318 c.
2227 2267 2287 2328 4,
2325 2266 2382 2318 3:
2421 2270 2567 2319 eunti
2595 2284 2658 2318 zu

1651 2339 1881 2387 nehmen:
1909 2338 1985 2387 als
2011 2353 2120 2387 man
2146 2337 2419 2403 probierte,
2445 2338 2571 2387 doeh
2590 2337 2660 2387 ist

1648 2406 1765 2455 dort
1783 2405 1895 2455 eine
1914 2405 2502 2469 allgemeine-Annaiime,
2526 2420 2589 2454 an
2608 2421 2658 2457 u.

1648 2473 1728 2523 St.·
1752 2475 1830 2522 ein
1857 2474 2125 2539 speeieller
2148 2472 2263 2523 Fan
2286 2474 2530 2537 gemeint,
2554 2473 2658 2536 vgi.

1648 2540 1729 2605 33,
1744 2542 1823 2603 47,
1836 2542 1863 2590 7
1882 2558 1895 2604 ς
1919 2541 2079 2592 Tacit.
2095 2542 2153 2592 H.
2166 2541 2213 2603 2,
2225 2541 2314 2590 50:
2336 2546 2659 2609 temporara-

1643 2610 1945 2676 putantibus
1961 2610 2426 2676 initiumfinemque
2433 2613 2661 2661 miraeu-

1645 2679 1683 2728 la·
1699 2694 1814 2728 cum
1835 2678 2047 2729 Othonis
2068 2683 2234 2741 morte
2252 2680 2572 2746 eom-petina.
2589 2707 2659 2716 —

1647 2747 1852 2797 decocta
1871 2747 2024 2797 dut-eh
2045 2746 2337 2797 Sehmelzen
2358 2760 2472 2795 vom
2493 2745 2661 2797 Siiber

1647 2820 1906 2878 getrennt,
1941 2816 2202 2879 verioren,
2239 2811 2657 2878 abgesehmolzen

1647 2897 1763 2932 war.
1823 2881 1961 2933 Nach
1995 2883 2083 2946 30,
2121 2883 2213 2945 37,
2258 2885 2287 2932 5
2321 2889 2544 2934 mussten
2583 2884 2669 2933 sie-

1646 2950 1748 3000 200
1779 2949 1991 3001 Talente
2028 2952 2220 3001 zahlen.
2256 2979 2323 2987 —-—
2357 2953 2659 3016 intortam„

1646 3035 1690 3070 8.
1728 3017 1817 3082 34,
1859 3019 1921 3080 7,
1965 3020 2020 3068 4:
2065 3020 2160 3070 der
2199 3020 2380 3082 (dure-h
2424 3021 2513 3069 das
2551 3020 2657 3070 Ab·

1648 3087 1945 3149 schmelzen)
1972 3088 2316 3150 eingetretene
2342 3085 2569 3138 Verlust.
2587 3116 2657 3125 —

1646 3155 1927 3288 ἕὲῖξίἥῖίᾲ·
1952 3155 2110 3273 ἓξὲξ
2133 3154 2366 3273 {1355235
2384 3156 2659 3274 §maia

1645 3292 1723 3342 als
1757 3291 1848 3354 30,
1893 3292 1983 3352 37,
2019 3291 2068 3341 6.
2109 3318 2179 3328 -—-
2215 3307 2531 3359 permanen,
2575 3292 2656 3341 die

1645 3357 1944 3423 Karthager.
1969 3388 2039 3396 -
2060 3362 2317 3426 petentia,
2343 3360 2435 3410 der
2458 3360 2655 3422 gleiche

1646 3426 1845 3491 Anfang
1866 3429 1935 3478 ist
1955 3428 2092 3478 viell.
2119 3427 2448 3491 beabsiehtigt
2473 3443 2550 3477 um
2573 3428 2654 3477 die

1647 3493 1927 3545 Gloiehbeit
1952 3497 2043 3546 (lor
2061 3496 2219 3546 Suehe
2246 3512 2310 3545 zu
2333 3496 2655 3560 bezeichnen,

1644 3563 1745 3626 vgl.
1773 3564 1801 3627 ἓ
1837 3563 1884 3613 5.
1908 3591 1976 3600 --
2007 3563 2254 3614 commod.
2288 3580 2357 3628 e.,
2388 3563 2528 3614 nicht
2562 3563 2655 3613 be-

1645 3647 1787 3698 quem
1813 3631 1997 3693 lebten,
2027 3633 2131 3681 sich
2159 3632 2293 3682 nicht
2315 3631 2450 3681 wohl
2474 3630 2654 3681 befan-

1644 3701 1757 3750 den.
1782 3728 1849 3737 -
1873 3697 2130 3766 Signiam,
2169 3716 2210 3750 e.
2237 3698 2333 3763 26,·
2361 3701 2390 3748 5
2428 3700 2540 3749 sind
2579 3699 2654 3748 sie

2090 3767 2151 3817 18
2184 3768 2308 3817 auoh
2344 3767 2391 3816 in
2427 3768 2651 3818 anderen

1641 3836 1730 3887 lat.
1758 3837 1988 3887 Stiidten.

1709 3906 1756 3954 5.
1793 3908 1932 3968 item,
1957 3904 2073 3955 weil
2095 3905 2219 3954 auch
2243 3904 2389 3954 ihnen
2417 3902 2499 3952 die
2524 3902 2656 3953 Ent-

1638 3972 1853 4035 fernung
1894 3988 1990 4022 von
2033 3978 2192 4021 etwas
2229 3971 2650 4035 Unangenehmeu

1638 4041 1867 4102 gewiihrt
1894 4040 2037 4091 wird.
2065 4068 2128 4074 -——
2153 4041 2453 4107 praefectus
2490 4040 2556 4089 ist
2593 4055 2652 4088 so
