2861 4550
957 410 1149 464 mmm
1170 410 1416 465 xxxm.
1476 410 1618 463 cAP.
1648 411 1727 463 ιο.
2272 416 2392 479 189

273 565 448 629 vertit
474 574 531 627 et
559 566 756 629 omnia
784 566 934 629 circa
944 557 1091 646 iuga
1119 561 1305 647 signis
1334 575 1509 647 atque
1536 565 1714 628 armis
1742 566 1984 646 fulgere,
2023 574 2148 629 tum
2180 569 2394 649 etipse

275 652 399 713 acie
428 652 691 714 excessit.
750 652 1056 727 Quinctius
1086 664 1222 714 cum
1250 652 1560 715 institisset
1591 651 1954 727 cedentibuS,
1992 661 2230 733 repente
2259 655 2391 735 quia
2433 667 2462 717 3

276 737 561 815 erigentes
598 738 797 802 hastas
826 739 1170 801 Macedonas
1213 745 1626 818 conspexerat,
1668 737 1943 818 quidnam
1981 748 2259 818 pararent
2294 739 2391 801 in-

277 831 499 894 certus,
536 823 834 904 paulisper
869 824 1124 886 novitate
1156 824 1242 885 rei
1271 823 1576 885 constituit
1602 822 1795 902 signa3
1824 823 2049 899 deinde,
2078 832 2143 886 ut
2171 824 2390 906 accepit
2431 838 2464 889 4

275 908 436 969 hunc
464 919 690 970 morem
722 927 852 971 esse
879 910 1265 973 Macedonum
1294 908 1645 972 tradentium
1679 927 1833 983 sese,
1871 927 2107 989 parcere
2130 910 2295 972 victis
2325 911 2388 972 in

274 993 533 1055 am'mum
561 994 828 1058 habebat.
882 1005 1138 1057 ceterum
1162 995 1232 1056 ab
1254 994 1470 1074 ignaris
1494 993 1771 1055 militibus
1802 994 2085 1056 omissam
2115 995 2186 1056 ab
2215 996 2387 1057 hoste
2432 1009 2462 1057 5

268 1095 528 1157 pugnam
558 1087 616 1140 et
639 1081 777 1160 quid
800 1080 1120 1160 imperator
1139 1079 1324 1154 vellet,
1355 1079 1606 1158 impetus
1629 1078 1691 1141 in
1715 1098 1818 1142 eos
1840 1087 1930 1141 est
1952 1080 2156 1154 factus,
2187 1090 2245 1142 et
2265 1081 2389 1159 pri-

267 1163 381 1224 mis
405 1164 591 1226 caesis
614 1165 787 1227 ceteri
809 1165 871 1228 in
895 1167 1093 1245 sugam
1115 1165 1379 1245 dissipati
1413 1172 1571 1226 sunt.
1613 1183 1718 1226 rex
1749 1165 1935 1226 effuso
1971 1184 2148 1227 cursu
2169 1165 2391 1245 Tempe
2431 1177 2462 1227 6

267 1248 431 1329 petit.
491 1250 570 1312 ibi
600 1250 673 1311 ad
703 1251 950 1313 Gonnos
981 1252 1136 1314 diem
1172 1269 1358 1313 unum
1391 1249 1657 1312 substitit
1682 1251 1755 1312 ad
1784 1249 2178 1331 excipiendos,
2210 1251 2262 1311 si
2291 1251 2390 1330 qui

268 1334 492 1414 proelio
516 1345 917 1416 superessent.
960 1337 1210 1398 Romani
1231 1336 1484 1398 victores
1505 1335 1567 1396 in
1591 1345 1781 1398 castra
1801 1336 2064 1397 hostium
2089 1355 2195 1416 spe
2215 1354 2387 1415 prae-

268 1420 375 1481 dae
400 1424 773 1501 irrumpunt:
814 1440 882 1484 ea
918 1440 1131 1502 magna
1167 1421 1283 1484 iam
1322 1440 1398 1483 em
1416 1432 1592 1502 parte
1622 1421 1845 1502 direpta
1873 1421 1944 1482 ab
1975 1421 2195 1483 Aetolis
2224 1421 2387 1483 inve-

265 1504 453 1565 niunt.
507 1524 676 1568 caesa
705 1526 774 1567 eo
805 1508 899 1569 die
918 1526 1027 1568 vm
1056 1507 1211 1569 milia
1240 1508 1524 1581 hostium,
1548 1526 1584 1565 v
1616 1516 1799 1587 capta.
1851 1526 1920 1568 ex
1941 1506 2259 1569 victoribus
2290 1525 2387 1570 se-
2430 1523 2458 1571 7

266 1588 552 1669 ptingenti
584 1592 766 1653 ferme
797 1593 1148 1655 ceciderunt.
1206 1593 1256 1654 si
1281 1592 1505 1654 Valerio
1539 1592 1636 1672 qui
1659 1593 1870 1666 credat,
1902 1591 2165 1654 omnium
2188 1610 2387 1655 rerum
2429 1607 2459 1657 8

265 1675 563 1737 inmodice
592 1695 902 1739 numerum
936 1679 1186 1758 augenti,
1214 1698 1290 1740 ιιι,
1321 1677 1479 1739 milia
1508 1676 1769 1739 hostium
1800 1697 1870 1739 eo
1903 1676 1996 1738 die
2025 1686 2162 1739 sunt
2192 1696 2386 1750 caesa3

265 1771 430 1841 capta
483 1796 568 1807 ---
617 1762 699 1825 ibi
737 1764 1063 1825 modestius
1109 1763 1476 1826 mendacium
1523 1773 1614 1825 est
1648 1797 1736 1808 —-
1771 1782 1808 1822 v
1845 1761 2004 1824 milia
2040 1782 2178 1835 occ,
2222 1762 2386 1841 signa

260 1844 530 1910 militaria
574 1868 867 1910 ccxnvnn.
938 1848 1206 1911 Claudius
1249 1868 1482 1930 quoque
1519 1848 1637 1910 duo
1677 1855 1735 1910 et
1773 1867 1886 1909 xxx
1924 1847 2082 1909 milia
2120 1847 2382 1909 hostium
2426 1866 2459 1915 9

257 1950 420 1994 caesa
463 1934 682 2009 scribit,
714 1942 879 2015 capta
908 1954 966 1995 w
996 1934 1150 1997 milia
1178 1944 1237 1997 et
1266 1954 1391 1996 ccc.
1444 1951 1557 1996 nos
1586 1951 1710 1995 non
1738 1933 1983 1995 minimo
2007 1932 2383 2013 potissimum
2430 1946 2492 1996 ιο

279 437 321 467 ι.
339 424 423 468 ch.
441 426 535 467 197.

253 2100 380 2161 τοὺς
409 2099 780 2162 Μακεδόνας.
805 2134 873 2143 -
902 2104 1080 2174 βραχὺ
1109 2100 1272 2174 γενό-
1376 2104 1511 2155 Pet:
1565 2099 1595 2155 ὀ
1642 2101 1750 2174 μὲν
1795 2103 2094 2159 Φίλιππος
2133 2098 2381 2153 ἐποιεῖτο

250 2187 418 2241 μενος
462 2171 524 2225 ἔκ
557 2174 655 2224 τοῦ
688 2169 969 2225 κινδύνου.
1002 2200 1070 2211 -
1103 2177 1269 2240 sag-mk
1376 2169 1477 2239 τὴν
1512 2167 1876 2242 ἀποχώρησιν
1907 2166 1982 2227 ὥς
2010 2168 2107 2221 ἐπὶ
2137 2165 2205 2220 τὰ
2233 2171 2373 2240 Τέμ-

253 2244 309 2293 et
323 2256 437 2309 an,
473 2242 591 2295 dass
614 2241 862 2294 romische
884 2243 1106 2306 gemeint
1138 2242 1268 2306 sind,
1377 2257 1483 2306 πη,
1528 2240 1621 2293 καὶ
1650 2240 1719 2312 τῇ
1748 2238 1856 2311 μὲν
1887 2232 2077 2310 πρώτῃ
2120 2238 2253 2310 περὶ
2284 2233 2385 2292 τὸν

253 2310 390 2374 zeigt
447 2310 540 2361 der
582 2309 1039 2374 Zusammenhnug3
1089 2310 1268 2378 Polyb.
1373 2304 1738 2382 Ἀλεξάνδρου
1774 2304 2119 2378 καλούμενον
2163 2300 2384 2379 πύργον

256 2372 614 2444 κατανοήσας
642 2374 772 2434 τοὺς
789 2373 1097 2458 Ῥωμαίους
1128 2373 1267 2428 κατὰ
1374 2373 1641 2441 ηὐλίσθη,
1683 2377 1750 2448 τῇ
1783 2373 1836 2428 δ’
1876 2373 2140 2444 ὑστεραίᾳ
2173 2375 2382 2443 προελ-

257 2441 320 2496 τὸ
352 2443 585 2529 δίωγᾷια
616 2444 716 2497 τοῦ
747 2447 909 2497 λαιου
939 2446 1112 2516 κέρως
1150 2450 1271 2502 τοῖς
1372 2440 1497 2497 θὼν
1520 2446 1600 2502 εἰς
1617 2440 1859 2502 Γόννους
1879 2443 1977 2497 ἐπὶ
2002 2439 2100 2510 τὴν
2123 2440 2384 2510 εἰσβολὴν

259 2509 457 2580 ἄκροις
500 2511 608 2579 ηδη
655 2509 1154 2582 προςπελάζοντας.
1198 2541 1270 2559 .-
1373 2508 1487 2565 τὼν
1521 2513 1770 2584 Τεμπῶν
1800 2512 2074 2583 ἐπέμεινε.
2095 2539 2166 2550 -
2185 2529 2278 2582 spe
2295 2528 2379 2580 pr.

244 2581 474 2647 fulgere
503 2596 547 2631 s.
581 2582 672 2644 28,
710 2583 798 2645 14,
847 2582 926 2633 10.
959 2608 1029 2619 —-
1063 2586 1172 2633 tum
1201 2583 1267 2633 im
1375 2589 1502 2646 etc.,
1537 2582 1617 2633 die
1643 2581 1803 2634 Stelle
1825 2583 1895 2633 ist
1921 2582 1971 2632 in
1995 2583 2087 2632 der
2109 2580 2231 2631 Hds.
2264 2581 2379 2631 liik-

1373 2649 1595 2711 kenbaft,
1621 2650 1701 2701 die
1718 2650 2022 2713 Ergiinzung
2039 2649 2291 2699 unsicher.
2309 2676 2379 2685 —-

1372 2718 1471 2771 dir.
1495 2720 1559 2771 ab
1582 2722 1728 2782 Aet„
1756 2733 1798 2768 s.
1824 2734 1868 2768 c.
1898 2717 1977 2780 11,
2002 2716 2057 2779 8,
2093 2731 2254 2779 gesen
2282 2718 2377 2767 den

1373 2789 1498 2837 riim.
1528 2785 1789 2838 Gebraucb
1822 2792 1931 2837 erst
1960 2783 2052 2834 auf
2079 2783 2253 2833 Befebl
2286 2785 2377 2834 des

1370 2853 1652 2905 Feldherrn
1692 2854 1774 2903 die
1814 2853 2137 2914 Pliinderung
2178 2867 2242 2900 zu
2286 2851 2376 2901 be-

1371 2922 1556 2985 ginnen
1579 2923 1678 2972 und
1704 2921 1847 2970 Alles
1871 2935 1964 2970 zur
1986 2919 2221 2985 spiteren
2246 2918 2379 2971 Ver·-

1372 2990 1598 3054 theilung
1622 2987 2198 3051 zusammenzubriugen,
2223 3003 2267 3037 c.
2296 2987 2376 3049 11,

1372 3057 1420 3107 2.
1474 3058 1566 3108 Die
1603 3056 1794 3119 Klagen
1835 3057 1927 3106 der
1967 3057 2093 3105 rb‘m.
2135 3053 2374 3106 Soldaten

1371 3124 1497 3174 iiber
1520 3126 1600 3176 die
1626 3124 1860 3188 Aetoler,
1895 3139 1936 3174 s.
1960 3122 2069 3173 Pol.
2096 3138 2140 3173 e.
2169 3123 2257 3188 10,
2290 3125 2376 3175 hat

1369 3191 1429 3243 L.
1456 3193 1791 3257 iiber-gangen.

1444 3260 1643 3312 8-10,
1680 3261 1821 3315 n'V.
1844 3265 1954 3328 qui,
1986 3263 2186 3313 iiberst'
2213 3263 2299 3326 qui
2329 3277 2373 3311 s.

1373 3328 1422 3392 3,
1451 3330 1531 3394 17,
1557 3331 1617 3392 7,·
1652 3330 1735 3393 29,
1762 3330 1846 3393 21,
1873 3332 1901 3380 7
1928 3347 1978 3381 u.
2001 3347 2065 3394 a„
2090 3330 2216 3381 doch
2240 3330 2376 3379 steht

1371 3397 1422 3448 in
1459 3400 1551 3449 der
1581 3398 1739 3464 Regel
1769 3401 1821 3450 ει·
1848 3402 1936 3466 qui
1973 3413 2273 3450 zusammen.
2304 3424 2375 3434 -

1368 3467 1578 3521 immod.
1600 3471 1816 3534 augenti
1828 3496 1898 3506 —
1913 3468 2127 3520 modest.
2147 3493 2215 3503 —
2232 3481 2374 3517 men-

1368 3533 1587 3598 dacium,
1611 3537 1714 3599 vgl.
1739 3534 1831 3600 26,
1855 3536 1937 3602 49,
1961 3535 2020 3598 33
2054 3533 2367 3599 30,19,11=

1369 3601 1452 3666 38,
1479 3605 1561 3668 55,
1589 3603 1645 3665 83
1680 3603 1771 3666 40,
1797 3603 1887 3665 29,
1914 3604 1963 3654 8.
1987 3631 2044 3642 -
2077 3606 2162 3666 ibi,
2186 3601 2237 3651 in
2262 3602 2372 3653 die-

1367 3685 1474 3720 sem
1507 3670 1721 3722 Punkte.
1754 3699 1824 3710 -—
1854 3671 2027 3724 Claui.
2061 3669 2371 3735 (Quadriga-

1364 3739 1500 3802 rius)
1525 3753 1568 3789 s.
1588 3738 1636 3803 6,
1661 3738 1745 3803 42,
1771 3741 1830 3800 53
1855 3756 1985 3805 u.n.‚
2009 3741 2112 3805 vgl.
2137 3737 2282 3800 c.11,
2306 3737 2367 3786 10

1365 3821 1411 3856 a.
1432 3805 1523 3868 E.;
1551 3806 1698 3858 Oros.
1720 3808 1768 3873 4,
1788 3807 1871 3860 20.
1889 3836 1958 3848 —-
1972 3825 2075 3862 non
2094 3811 2216 3858 min.
2235 3809 2366 3872 pot„

1365 3874 1502 3927 nicht
1517 3876 1702 3938 gerade
1727 3877 1819 3927 der
1838 3876 2107 3942 kleinsten,
2132 3877 2223 3927 der
2240 3872 2369 3923 Zahl

1363 3943 1485 3993 weil
1504 3943 1578 3993 sie
1597 3944 1678 3995 die
1694 3944 1914 3996 kleinste
1931 3947 2023 4008 ἰοῖς
2050 3948 2197 3995 sonst
2213 3941 2371 3994 findet

1365 4011 1471 4062 sich
1487 4027 1590 4063 non
1645 4014 1992 4065 otissz‘mumin
2002 4010 2367 4063 dieserBedeu-

1362 4086 1489 4143 tuns
1497 4088 1605 4132 urst
1675 4082 1692 4131 i
1702 4083 1938 4148 spiteren
1949 4079 2369 4147 Schriftstellern‚

260 2648 543 2700 Nacbsatze
566 2650 612 2714 1,
637 2649 721 2713 54,
746 2649 807 2712 33
831 2649 881 2713 4,
902 2649 984 2713 55,
1011 2650 1068 2712 23
1093 2648 1265 2702 Iacobs

258 2719 568 2768 vermutbet:
593 2719 835 2781 laveram,
861 2723 916 2768 et
933 2718 1064 2785 ipse.

327 2785 496 2837 3—5.
530 2788 820 2851 ὺιείιῖἱεεσί,
846 2786 956 2838 Pol.
982 2789 1101 2843 τοῖς
1127 2782 1265 2856 φεύ-

254 2867 461 2921 γουσιν
499 2849 780 2926 ἑπόμενος
819 2853 912 2906 καὶ
945 2851 1267 2921 καταλαβὼν

256 2920 316 2973 ἐν
371 2926 491 2979 τοῖς
556 2919 894 2992 ὑπερβολαῖς
959 2915 1086 2990 ἄρτι
1148 2927 1268 2982 τοῖς

255 2983 451 3060 ἄκροις
470 2989 893 3059 ἐπιβαλλούσας,
919 3006 961 3041 s,
989 3006 1031 3040 c.
1059 2992 1107 3055 9,
1134 2991 1195 3043 5ι
1213 2996 1267 3042 in

256 3060 440 3123 iugum
464 3066 588 3124 etc.,
623 3056 724 3118 τὰς
747 3055 1065 3127 εὐωνύμους
1087 3055 1267 3118 τάξεις

258 3126 370 3176 τῶν
389 3124 760 3181 Μακεδόνων.
781 3155 852 3167 --
872 3129 1052 3179 hastas
1076 3142 1118 3178 s.
1146 3143 1189 3177 c.
1214 3126 1263 3192 8,

263 3192 341 3243 13.
364 3220 435 3231 -
454 3199 706 3260 naz-itate,
742 3213 783 3249 s.
810 3197 868 3258 4,
898 3197 985 3255 19,
1012 3193 1073 3257 6;
1106 3194 1154 3257 9,
1181 3195 1264 3258 38,

260 3260 423 3323 2321,
443 3262 489 3328 2,
513 3264 574 3325 33
599 3264 680 3330 21,
698 3264 783 3329 22,
806 3265 865 3327 73
887 3264 968 3330 28,
987 3261 1080 3324 23,
1100 3262 1263 3328 4530,

259 3328 308 3392 5,
334 3328 368 3377 9
401 3345 450 3378 ιι.
485 3344 531 3395 a,
551 3332 656 3397 vgl.
682 3332 765 3394 31,
791 3333 872 3396 21,
904 3332 985 3382 11.
1009 3358 1078 3368 -
1102 3336 1263 3383 const.

256 3413 317 3475 ᾗ,
337 3394 514 3461 27,16‚
539 3398 617 3449 11.
634 3424 701 3437 -
721 3401 853 3451 lamo
867 3416 998 3454 mor.
1017 3426 1087 3438 -·
1110 3400 1262 3465 trad„

253 3461 1265 3605 233052‘2‘550520232‘55613‘325233}

255 3606 353 3651 etc.
386 3628 458 3639 —
487 3604 541 3653 in
572 3619 660 3654 an.
689 3604 765 3665 Ιι.,
806 3619 849 3654 s.
883 3604 1047 3655 Plaut.
1081 3604 1259 3656 Bacch.

259 3667 356 3720 159
382 3668 457 3735 (1,
482 3671 531 3734 2,
563 3671 624 3722 51
641 3672 686 3735 ):
718 3672 895 3738 ecquid
912 3674 969 3722 iu
989 3676 1264 3723 mentemst

253 3737 360 3801 tibi,
383 3737 562 3806 Amph.
590 3738 637 3804 1,
665 3739 710 3800 1,
736 3739 831 3801 253
855 3740 958 3804 vgl.
981 3739 1067 3802 22,
1088 3738 1173 3803 25,
1199 3738 1260 3790 6:

251 3806 307 3854 in
339 3808 627 3859 custodiam
651 3808 910 3869 habitum
939 3809 997 3857 in
1024 3810 1259 3876 potesta-

255 3875 360 3923 tom
398 3875 584 3928 habere
622 3893 672 3928 u.
706 3877 754 3927 ἃ.
790 3903 859 3915 -
888 3878 1089 3947 primis,
1131 3871 1261 3933 τοὺς

252 3937 361 4007 μὲν
376 3940 603 4000 πλείους
619 3942 969 4017 διέφθειρον,
990 3938 1177 4013 ὀλίγοι
1194 3942 1264 3997 δέ

255 4021 399 4063 τινες
421 4007 695 4080 διέφυγον
711 4014 982 4086 ῥίψαντες
1001 4008 1070 4064 τὰ
1091 4005 1255 4064 ὅπλα.

325 4071 494 4132 6-7.
544 4083 714 4146 effluo
762 4098 805 4134 ο.
856 4090 985 4149 etc.,
1033 4096 1258 4147 genuum·
