2861 4550
219 364 263 394 a.
281 351 363 395 011.
385 351 479 392 200.

918 332 1111 389 LIBER
1146 331 1342 385 XXXI.
1390 331 1536 384 CAP.
1560 331 1643 384 22.
2252 332 2334 395 39

220 490 427 553 litteris
469 487 671 550 adlatis
714 486 1057 567 supplicatio
1094 486 1158 549 in
1196 485 1460 547 triduum
1496 485 1725 546 decreta
1760 492 1867 545 est.
1925 484 2333 547 Romanorum
2374 503 2406 552 2

222 577 644 652 sociorumque
670 573 741 633 ad
773 573 890 632 duo
921 571 1076 632 milia
1105 590 1177 632 eo
1207 571 1432 650 proelio
1464 569 1815 641 ceciderunt,
1842 570 2337 648 plurimi'dextrae

222 662 364 733 alae,
392 659 453 720 in
483 677 657 737 quam
686 656 878 737 primo
908 657 1134 735 impetu
1160 655 1247 717 vis
1272 656 1537 717 hostium
1559 655 1767 734 ingens
1790 655 1946 716 illata
1965 663 2073 716 est.
2128 673 2334 736 quam-
2378 679 2408 728 3

226 763 402 825 quam
442 761 548 824 per
584 749 912 821 praetorem
953 760 1137 821 prope
1176 740 1525 802 debellatum
1566 749 1718 813 erat,
1760 740 1966 801 consul
2005 758 2240 820 quoque
2273 740 2334 801 C.

225 829 490 892 Aurelius
517 827 809 906 perfeetiS,
843 845 988 905 quae
1009 826 1229 887 Romae
1258 826 1481 908 agenda
1509 826 1756 897 fuerant,
1790 825 2089 904 profectus
2115 824 2176 885 in
2200 825 2333 886 Gai·

130 954 135 959 -
225 914 358 976 liam
389 912 667 974 victorem
699 911 1015 972 exereitum
1045 930 1078 972 a
1107 918 1375 990 praetore
1403 910 1641 990 aceepit.

393 997 612 1058 Consul
653 996 799 1058 alter
837 1014 971 1057 cum
999 1003 1280 1057 autumno
1310 996 1506 1055 ferme*
1526 1003 1724 1055 exacto
1754 994 1815 1054 in
1845 992 2207 1072 provinciam
2236 1013 2334 1054 ve·
2378 1007 2410 1057 4

221 1085 432 1155 nisset,
475 1083 626 1143 eirea
663 1081 1032 1160 Apolloniam
1070 1079 1429 1141 hibernabat.
1502 1080 1572 1140 ab
1614 1079 1825 1152 classe,
1868 1097 2014 1158 quae
2053 1078 2337 1158 Corcyrae
2379 1091 2410 1140 5

222 1168 507 1233 subducta
535 1173 685 1240 erat,
725 1166 786 1226 C.
818 1164 1087 1226 Claudius
1117 1165 1502 1244 triremesque
1530 1164 1853 1238 Romanae,
1905 1164 2057 1224 sieut
2085 1171 2216 1225 ante
2245 1164 2336 1224 di-

224 1261 383 1317 etum
407 1259 515 1326 est,
538 1252 791 1313 Athenas
814 1251 1032 1313 missae
1055 1268 1187 1311 eum
1213 1250 1481 1310 Piraeum
1509 1249 1930 1329 pervenissent,
1958 1249 2336 1327 desponden-

223 1338 378 1400 tibus
417 1338 532 1399 iam
567 1336 798 1399 animos
829 1334 1004 1395 sociis
1036 1353 1204 1414 spem
1233 1335 1528 1413 ingentem
1567 1335 1887 1396 attulerant.
1946 1352 2084 1395 nam
2124 1341 2182 1394 et
2219 1341 2338 1394 ter·
2380 1348 2411 1398 6

222 1423 425 1485 restris
462 1422 534 1482 ab
565 1421 845 1483 Corintho
886 1438 1036 1500 quae
1065 1438 1172 1500 per
1200 1421 1489 1498 Megaram
1519 1419 1886 1481 incursiones
1917 1419 1979 1479 in
2008 1436 2181 1497 agros
2211 1419 2338 1480 fieri

225 1508 428 1569 solitae
466 1515 628 1568 erant
664 1524 790 1567 non
823 1505 1066 1579 fiebant,
1107 1512 1165 1565 et
1191 1505 1557 1584 praedonum
1587 1524 1621 1565 a
1653 1504 1920 1565 Chaleide
1948 1520 2152 1577 naveS‚
2194 1514 2340 1583 qnae
2380 1516 2408 1565 7

222 1609 346 1654 non
392 1610 554 1653 mare
602 1591 796 1652 solum
845 1591 1123 1651 infestum
1171 1590 1272 1650 sed
1323 1590 1499 1653 etiam
1544 1590 1742 1650 omnis·
1780 1587 2127 1649 maritumos
2166 1606 2342 1666 agros

226 1824 268 1858 e.
299 1806 362 1857 10
401 1806 458 1869 3;
488 1805 570 1870 34,
594 1805 678 1871 22,
704 1805 753 1857 3.

294 1842 400 1957 ἦέ.
462 1873 621 1955 ¹ss3·
678 1874 847 1925 utem
881 1890 928 1923 n.
962 1873 1224 1924 laureatis.

222 1942 996 2091 ζὶῗὲιξῖηὲἐιῗέἳοιῗαεέῗίὅέἳέῑῗξ
1016 1941 1226 2090 ἕξὲιειξὲῐ.

218 2093 684 2210 3153353’12:
710 2078 853 2196 ἓΡίἱ
875 2078 1225 2197 {aasz

220 2220 389 2266 tamen
410 2230 451 2265 s.
477 2214 522 2278 1,
544 2212 625 2279 58,
650 2213 735 2277 10;
765 2214 812 2280 7,
843 2214 922 2279 19,
949 2214 1007 2275 53
1033 2213 1117 2279 25,
1143 2212 1224 2278 36,

223 2283 314 2345 163
350 2283 441 2346 26,
472 2281 564 2345 48,
599 2282 660 2344 53
696 2282 784 2346 3⁷8,
823 2281 1228 2346 9,11ιι.ει.----ξ

211 2352 514 2422 profectus,
546 2350 963 2428 vrahrseheinlieh
985 2351 1082 2400 wie
1107 2348 1224 2399 Sul-

215 2434 392 2550 Ρωὲαέ,
403 2417 1124 2547 Ἳ-ἓρῖἓῧῑιιῗέξῇθὴωυυςεη
1136 2485 1228 2533 der

218 2555 505 2605 remise-,hen
529 2551 727 2616 Flotte,
767 2568 809 2602 s.
834 2547 1018 2601 Zonar.
1054 2551 1110 2615 9,
1149 2550 1227 2604 15.

286 2622 463 2673 4-5,
494 2621 678 2686 ferme
707 2637 819 2682 ex„
862 2620 952 2670 das
983 2617 1127 2683 Folg.
1162 2619 1230 2671 ist

215 2693 283 2743 im
318 2689 539 2740 Herbste
582 2688 681 2742 554
722 2690 845 2738 oder
885 2688 950 2737 im
983 2687 1230 2751 Friihling

217 2759 339 2824 555,
363 2773 405 2809 s.
431 2773 474 2807 e.
502 2756 630 2821 4411,
654 2757 952 2821 gesehehen.
976 2785 1038 2792 —
1060 2756 1227 2825 Apol-

215 2827 321 2880 len.
347 2852 410 2865 ·-·
439 2824 604 2893 subd„
623 2840 666 2875 s.
687 2841 730 2875 e.
756 2824 834 2876 18.
855 2852 922 2861 -
943 2828 1226 2890 trireme-sq.

218 2912 258 2946 s.
291 2912 341 2945 e.
378 2893 467 2955 14,
502 2892 558 2943 3:
593 2893 683 2943 mit
718 2894 813 2943 den
846 2892 1122 2943 Triremen.
1159 2919 1228 2929 -

217 2964 482 3026 Piraeum,
510 2977 551 3012 s.
579 2978 620 3012 e.
646 2961 724 3027 14,
752 2961 830 3026 11,
854 2961 982 3010 wir-d
999 2961 1109 3011 hier
1126 2961 1228 3012 und

218 3037 368 3082 sonst
399 3028 475 3079 oft
505 3030 582 3079 als
607 3029 896 3079 Stadtname
930 3028 1226 3079 construirt.

216 3129 279 3138 -
301 3098 528 3164 attalem,
553 3098 601 3147 in
623 3098 713 3147 der
731 3096 864 3160 Zeit,
889 3112 987 3148 von
1006 3097 1228 3147 weleher

215 3168 276 3218 L.
302 3167 356 3216 in
381 3163 528 3228 Folg.
553 3166 758 3232 sprieht,
786 3166 909 3215 oder
931 3181 1030 3215 von
1054 3166 1146 3216 der
1170 3180 1229 3214 er

217 3251 275 3287 so
301 3233 430 3283 eben
454 3235 763 3299 gesproehen
788 3235 889 3283 hat.

288 3301 459 3351 6-7.
500 3305 551 3352 et
566 3306 689 3353 terr.
709 3308 825 3365 ete„
845 3300 903 3353 L.
923 3301 1116 3351 soheint
1134 3315 1229 3349 nur

221 3369 383 3421 haben
394 3369 651 3419 sehreihen
664 3370 851 3419 wellen
862 3385 875 3418 ε
897 3373 949 3420 et
964 3371 1228 3420 terrestris

220 3439 287 3490 ab
307 3436 422 3488 Cor.
450 3438 503 3486 et
521 3440 810 3487 maritimae
832 3453 867 3487 a
891 3437 1124 3488 Chalcide
1146 3438 1227 3487 in-

222 3507 494 3558 cursiones
517 3511 631 3567 ete„
658 3505 787 3553 daun
805 3504 927 3554 aber
943 3521 1118 3569 wegen
1137 3506 1228 3555 der

220 3572 489 3639 gehiinften
574 3572 973 3635 Bestimmungen
1056 3573 1227 3637 jedem

223 3641 461 3706 Subjeete
514 3640 594 3690 ein
637 3639 945 3689 besonderes
988 3640 1229 3690 Priidikat

222 3710 446 3774 gegeben
478 3710 578 3758 und
603 3708 698 3757 den
725 3705 1009 3769 Gegensatz
1036 3724 1100 3757 zu
1124 3712 1228 3758 ter-
1273 3727 1276 3731 ’

222 3780 405 3828 restris
415 3777 507 3826 and
513 3791 597 3827 ers
607 3774 950 3838 ausgedriiekt
958 3792 1021 3825 zu
1038 3775 1196 3825 haben
1212 3792 1226 3837 3

225 3845 451 3908 augleieh
503 3846 570 3896 ist
617 3843 707 3894 auf
744 3843 883 3893 diese
928 3841 1106 3894 Weise
1148 3844 1226 3894 die

226 3910 600 3976 Wertstellnng
622 3912 792 3977 freier‚
818 3927 862 3962 ε.
883 3928 925 3963 e.
952 3911 1031 3975 14,
1056 3912 1104 3976 9,
1128 3913 1227 3963 und

225 3980 314 4030 das
344 3981 788 4045 Beziehungswort
825 3982 1145 4033 incursiones
1176 3981 1226 4031 in

1332 1807 1430 1871 den¹
1453 1804 1743 1857 Nebensatz
1781 1819 2004 1868 gezogen
2029 1806 2261 1869 worden,
2296 1821 2337 1856 s.

1333 1886 1397 1924 zu
1422 1872 1613 1939 29,18,
1639 1871 1697 1933 33
1722 1872 1813 1938 27,
1839 1872 1920 1933 42,
1951 1872 2147 1935 10321,
2177 1872 2254 1936 19,
2279 1873 2337 1934 93

1332 1942 1396 1992 ib.
1417 1942 1501 2004 29,
1527 1941 1573 1991 6.
1623 1940 1788 1992 Ueber
1815 1942 2086 1992 terrestris
2119 1957 2159 1991 s.
2184 1941 2230 2004 9,
2256 1940 2339 2004 22,

1333 2009 1390 2072 83
1417 2008 1499 2073 28,
1527 2009 1607 2072 33,
1638 2009 1716 2059 15.
1751 2037 1819 2046 —·
1852 2011 1917 2063 ab
1951 2008 2192 2066 Cerintho
2223 2024 2342 2058 ver-

1332 2078 1448 2129 tritt
1488 2079 1577 2128 das
1613 2076 1871 2141 Adjeetiv3
1917 2078 2043 2127 ench
2084 2079 2139 2127 in
2178 2093 2340 2143 agr-08

1332 2145 1464 2196 kann
1489 2146 1566 2195 als
1585 2144 1879 2196 attributive
1900 2144 2238 2211 Bestimmung
2254 2161 2341 2208 ge-

1334 2229 1560 2263 nommen
1584 2215 1813 2277 werden,
1840 2211 2025 2271 ehenso
2051 2229 2085 2263 a
2111 2212 2345 2263 Chalcide

1334 2298 1376 2333 s.
1402 2299 1446 2333 e.
1472 2282 1554 2347 23,
1585 2282 1636 2332 1:
1670 2282 1748 2332 die
1775 2282 2158 2346 chalcidisehen,
2194 2283 2339 2332 oder:

1334 2352 1412 2400 die
1437 2367 1537 2401 von
1562 2350 1757 2400 Chalcis
1792 2350 2102 2413 gewiihnlieh
2135 2350 2337 2400 auslau-

1332 2417 1515 2467 fenden
1551 2417 2024 2468 Seeriiubersehiffe.
2058 2445 2127 2454 —
2159 2416 2340 2483 Mega-

1333 2502 1465 2549 ram,
1490 2486 1589 2536 wie
1608 2501 1651 2535 e.
1673 2485 1757 2549 25,
1777 2485 1838 2547 2;
1865 2485 1948 2550 24,
1961 2485 2042 2547 30,
2054 2486 2102 2546 9,
2127 2486 2341 2536 umfasst

1334 2554 1563 2618 zugleieh
1606 2555 1694 2603 das
1729 2553 1909 2605 Gebiet
1948 2554 2040 2603 der
2081 2553 2241 2604 stadt.
2271 2579 2344 2592 --

1332 2638 1437 2673 nen
1452 2623 1683 2688 flebant5
1705 2621 2070 2680 nnterbleiben.
2098 2650 2153 2658 —
2185 2637 2339 2689 prae-

1334 2690 1478 2754 don„
1514 2690 1710 2755 Philipp
1736 2691 1872 2740 hatte
1898 2690 2117 2753 sogleieh
2143 2687 2208 2739 im
2232 2689 2338 2739 An-

1331 2757 1482 2821 fange
1515 2759 1606 2808 des
1639 2755 1823 2820 Rriegs
1848 2756 2188 2822 Caperschiffe
2221 2771 2339 2806 aus-

1331 2825 1588 2892 geriistet,
1651 2840 1691 2875 s.
1736 2825 1940 2875 Diodor.
1983 2824 2073 2889 28,
2122 2824 2165 2875 1.
2200 2852 2269 2862 -—-
2310 2840 2344 2874 a

1335 2894 1501 2944 Chalc.
1519 2891 1649 2943 kann
1669 2909 1734 2942 zu
1748 2892 2067 2961 praedonum
2081 2908 2236 2943 naves
2254 2907 2344 2941 zu-

1334 2976 1579 3024 sammen,
1622 2960 1747 3009 oder
1786 2974 1886 3009 nur·
1924 2976 1989 3008 zu
2020 2958 2341 3027 praedonum

1334 3043 1561 3092 gezogen
1609 3027 1835 3076 werden.
1875 3054 1944 3065 -—-
1981 3028 2234 3093 mestum
2273 3055 2341 3064 —-

1317 3097 1510 3162 fecer„
1537 3111 1579 3145 s.
1606 3111 1649 3145 e.
1674 3094 1763 3154 23,
1794 3093 1883 3156 123
1921 3095 1977 3157 4,
2004 3095 2060 3159 2,
2087 3095 2146 3157 23
2175 3094 2231 3162 3,
2257 3096 2339 3158 55,

1335 3166 1364 3214 7
1380 3180 1394 3226 3
1422 3162 1565 3228 9,24,
1582 3163 1661 3213 15.
1676 3193 1724 3202 -—
1742 3162 1836 3213 sed
1850 3165 2006 3213 etiam
2025 3163 2211 3214 konnte
2231 3163 2341 3214 hier

1332 3233 1414 3282 bei
1458 3233 1653 3296 oannis,
1703 3247 1781 3281 wo
1833 3233 1988 3282 etiam
2028 3232 2339 3294 gewiihnlieb

1333 3300 1683 3365 weggelassen
1702 3300 1846 3364 wird,
1866 3315 1962 3350 s.e.
1978 3300 2059 3364 25,
2077 3302 2123 3363 5,
2145 3302 2338 3364 stehen,

1332 3369 1455 3419 weil
1486 3369 1552 3419 im
1573 3367 1721 3432 Folg.
1746 3367 1830 3418 ein
1861 3383 1990 3433 ganz
2016 3368 2338 3419 verschiede-

1334 3453 1426 3487 ner
1453 3436 1775 3500 Gegenstand
1806 3452 1869 3485 zu
1895 3438 2006 3486 dem
2028 3443 2201 3486 ersten
2228 3438 2339 3485 bin-

1333 3506 1576 3569 zugefiigt
1591 3505 1734 3555 wird.
1753 3505 1855 3567 vgl.
1877 3504 1979 3554 Cio.
1999 3504 2125 3554 Sull.
2144 3503 2228 3567 20,
2248 3504 2337 3554 59:

1331 3589 1436 3624 nou
1468 3572 1619 3625 modo
1652 3589 1722 3623 ex
1751 3574 2046 3640 suspicione
2070 3601 2136 3609 —
2158 3585 2340 3624 vemm

1334 3643 1491 3692 etiam
1513 3658 1583 3692 σω
1606 3644 1747 3691 anmi
1764 3655 2028 3699 semen&
2052 3640 2191 3692 Curi.
2216 3640 2263 3703 5,
2289 3641 2338 3703 4,

1334 3708 1424 3758 24:
1449 3725 1552 3759 non
1573 3710 1720 3774 regis
1741 3708 1910 3771 modo,
1935 3708 2030 3776 sed
2053 3712 2208 3759 etiam
2232 3725 2342 3760 om-

1331 3779 1475 3827 nium
1499 3777 1685 3827 amalos.
1709 3803 1777 3814 -
1798 3777 1893 3828 sed
1916 3793 2008 3828 nee
2039 3777 2214 3827 wiirde
2255 3776 2338 3825 fiir

1334 3844 1428 3895 sed
1446 3862 1512 3895 ne
1528 3873 1595 3881 -—
1618 3845 1818 3911 quidem
1835 3847 2028 3907 stehen,
2054 3846 2152 3894 wie
2168 3844 2226 3894 L.
2246 3858 2338 3893 nee

1334 3913 1595 3965 bisweilen
1617 3935 1686 3957 ==
1707 3931 1772 3964 ne
1793 3941 1866 3956 —-
1886 3914 2090 3979 quidem
2113 3912 2336 3973 braucht,

1335 3996 1378 4032 s.
1397 3997 1463 4032 zu
1482 3981 1528 4047 5,
1549 3981 1631 4046 33,
1653 3981 1743 4046 11;
1772 3981 1956 4045 30,15,
1978 3982 2035 4042 73
2061 3978 2232 4029 lustin.
2257 3980 2335 4044 11,
