2861 4550
879 366 1073 421 mna
1094 366 1338 421 xxxm.
1395 364 1538 420 car.
1566 364 1614 418 a.
1631 367 1689 418 4.
2211 333 2336 431 ⁴17¹7

225 394 268 425 a.
290 382 374 426 oh.
395 383 489 424 19‘1.

76 495 80 499 ι
126 594 131 597 ,
221 530 442 586 rentur.
503 520 752 600 cognitis
785 520 1083 584 sociorum
1113 520 1358 583 decretis
1391 519 1561 582 tertio
1592 520 1684 581 die
1722 519 1795 580 ab
1825 520 2095 582 Heraclea
2118 521 2335 602 Xynias

219 626 606 689 praegressus
637 606 698 668 in
727 606 980 668 confinio
1004 608 1325 668 Aenianum
1350 605 1879 686 Thessalorumque
1900 606 2109 685 positis
2132 608 2336 670 castris
2443 615 2448 621 ’

225 687 500 756 Aetolica‘
521 692 727 754 auxilia
757 691 1182 773 opperiebatur.
1239 692 1381 753 nihil
1408 690 1622 753 morati
1651 691 1838 752 Aetoli
1875 701 2038 753 sunt:
2070 692 2337 767 Phaenea

223 780 375 841 duce
403 797 476 840 nc
507 777 731 858 pedites
763 796 897 838 cum
926 776 1220 857 equitibus
1254 796 1396 837 cccc
1426 783 1728 837 venerunt.
1781 794 1856 837 ne
1887 776 2129 838 dubium
2159 786 2334 852 esset,

225 863 368 944 quid
397 870 776 943 expectasset,
807 861 1111 924 confestim
1142 861 1451 936 Quinctius
1480 860 1663 922 movit
1702 869 1904 922 castra.
1963 871 2332 942 transgresso

224 949 287 1011 in
316 947 713 1010 Phthioticum
751 965 956 1027 agrum
995 946 1295 1028 quingenti
1339 945 1601 1025 Gortynii
1643 945 2005 1008 Cretensium
2047 947 2192 1009 duce
2224 950 2335 1028 Cy·-

223 1035 422 1108 dante,
453 1040 510 1094 et
538 1033 782 1095 trecenti
813 1033 1236 1113 Apolloniatae,
1268 1031 1420 1093 haud
1455 1031 1674 1111 dispari
1706 1040 1961 1104 armatu,
1995 1051 2058 1093 se
2088 1033 2336 1094 coniun-

220 1136 383 1192 xere,
423 1136 536 1180 nec
573 1118 652 1180 ita
690 1118 876 1179 multo
917 1124 1057 1198 post
1085 1116 1455 1197 Amynander
1484 1134 1620 1177 cum
1650 1115 2043 1178 Athamanum
2072 1118 2335 1198 peditum

221 1204 490 1267 ducentis
519 1210 579 1264 et
604 1201 776 1264 mille.

390 1287 697 1369 Philippus
728 1287 956 1367 cognita
983 1286 1348 1367 profectione
1375 1286 1447 1348 ab
1475 1285 1655 1347 Elatia
1685 1286 2116 1360 Romanorum,
2147 1297 2213 1349 ut
2242 1289 2334 1350 cui

221 1374 295 1436 de
330 1391 563 1436 summa
603 1392 801 1435 rerum
839 1372 1073 1435 adesset
1109 1380 1425 1446 certamen,
1477 1371 1872 1433 adhortandos
1910 1372 2122 1435 milites
2153 1381 2334 1448 ratuS,

220 1459 404 1520 multa
441 1458 557 1520 iam
599 1477 773 1538 saepe
801 1464 1123 1520 memorata
1154 1457 1226 1518 de
1257 1456 1547 1518 maiorum
1578 1457 1883 1519 virtutibus
1916 1458 2091 1519 simul
2120 1460 2191 1519 de
2219 1460 2334 1520 mi-

218 1543 373 1608 litari
399 1541 566 1605 laude
592 1542 970 1605 Macedonum
1003 1561 1135 1604 eum
1167 1542 1565 1614 disseruisset,
1597 1542 1667 1603 ad
1700 1561 1787 1614 ea,
1819 1560 1966 1621 quae
1992 1551 2120 1605 tum
2149 1545 2335 1605 maxi-

221 1647 320 1689 me
342 1627 572 1689 animos
593 1626 904 1702 terrebant,
936 1627 1263 1707 quibusque
1285 1631 1434 1707 eriyi
1459 1626 1532 1687 ad
1560 1627 1811 1706 aliquam
1843 1646 2010 1707 spem
2042 1637 2335 1707 poterant,

221 1712 395 1774 venit.
461 1712 745 1792 Acceptae
781 1713 853 1774 ad
889 1713 1080 1774 Aoum
1118 1712 1335 1774 flumen
1375 1714 1437 1773 in
1474 1711 1758 1790 angustiis
1792 1712 1936 1774 cladi
1965 1723 2055 1774 ter
2082 1733 2112 1773 a
2142 1714 2335 1775 Mace-

221 1799 447 1860 donum
486 1797 770 1877 phalange
809 1797 880 1858 ad
911 1797 1175 1860 Atracem
1204 1798 1260 1858 vi
1287 1798 1494 1878 pulsos
1523 1798 1827 1860 Romanos
1860 1799 2219 1877 opponebat.
2279 1807 2336 1860 et

217 1883 335 1945 illic
355 1892 568 1957 tamen,
596 1883 699 1944 ubi
720 1881 979 1945 insessas
1003 1885 1195 1945 fauces
1218 1882 1384 1962 Epiri
1410 1900 1534 1944 non
1557 1882 1903 1957 tenuissent,
1932 1883 2185 1963 primam
2211 1885 2334 1945 cul-

217 1987 358 2049 pam
390 1967 572 2030 fuisse
604 1986 841 2042 eorum,
880 1969 980 2049 qui
1008 1967 1376 2047 neglegenter
1405 1968 1699 2029 custodias
1729 1977 2089 2043 servassent,
2121 1988 2334 2031 secun-

218 2055 357 2115 dam
394 2054 453 2122 in
494 2053 627 2133 ipso
659 2053 972 2119 certamine
1006 2053 1146 2115 levis
1179 2063 1507 2116 armaturae
1534 2051 2190 2133 mercennariorumque
2219 2054 2333 2115 mi·-

215 2139 405 2201 litum.
463 2137 843 2201 Macedonum
884 2156 1022 2201 vero
1052 2138 1398 2220 phalangem
1429 2147 1486 2199 et
1514 2146 1655 2200 tunc
1683 2137 1945 2212 stetisse,
1987 2148 2044 2201 et
2074 2139 2203 2200 loco
2235 2159 2333 2201 ae·-

217 2242 336 2307 quo
394 2222 665 2305 iustaque
716 2229 915 2306 pugna
980 2242 1213 2305 semper
1278 2242 1617 2289 mansuram
1683 2224 1974 2287 invictam.
2063 2244 2101 2286 x
2159 2231 2216 2286 et
2273 2243 2332 2286 v1

1332 2394 1573 2457 schlucht,
1584 2393 1634 2444 in
1647 2395 1738 2445 der
1747 2394 2201 2459 dieEntscheidung
2211 2395 2241 2445 ii
2277 2411 2336 2445 er

1332 2461 1411 2511 die
1428 2462 1675 2513 Existenz
1700 2463 1865 2513 seines
1890 2463 2092 2513 Staates
2117 2463 2208 2514 auf
2258 2480 2335 2514 em

213 2394 345 2445 iiber
365 2373 553 2445 Lamia.
578 2422 648 2433 ——
669 2396 903 2459 Aereian„
928 2394 996 2443 im
1027 2393 1223 2443 westli-

215 2464 344 2514 chen
393 2461 570 2513 Theile
626 2463 715 2513 des
766 2461 1226 2528 Spercheiosthales

216 2530 471 2581 zwischen
491 2529 620 2580 Oeta
637 2530 736 2580 und
755 2529 975 2597 Othrys;
1001 2529 1076 2580 sie
1095 2544 1226 2578 wer·

213 2598 314 2647 den
339 2596 451 2648 hier
472 2613 571 2648 von
595 2598 688 2647 den
713 2597 1018 2648 Thessalern
1043 2597 1108 2646 im
1131 2612 1228 2646 en-

212 2679 375 2730 geren
409 2664 560 2715 Sinne
593 2679 635 2715 s.
671 2682 714 2715 e.
752 2663 841 2730 32,
882 2664 913 2714 6
953 2672 1225 2728 getrennt3

214 2740 366 2784 sonet
409 2733 537 2784 wind
589 2733 668 2782 ihr
710 2732 849 2787 Laud
899 2732 1112 2799 Oetaea,
1161 2749 1227 2783 zu

213 2800 515 2852 Thessalien
554 2802 850 2865 gereclmet,
890 2801 995 2865 vgl.
1039 2801 1129 2863 28,
1174 2802 1222 2865 5,

218 2869 304 2919 15.
335 2896 406 2908 —
434 2870 672 2920 Phaenea
704 2868 793 2936 32,
829 2867 912 2918 33.
937 2895 1008 2905 —
1036 2868 1130 2919 DC
1156 2869 1224 2919 ist

214 2936 631 2989 wabrscheinlich
654 2937 936 2988 verdorben
962 2938 1063 2987 und
1099 2937 1221 2987 nach

213 3004 352 3055 Plut.
375 3005 410 3055 l.
434 3006 495 3056 l.=
520 3006 771 3056 Αἰτωλοὶ
796 2999 998 3063 πεζοὺς
1015 3003 1224 3064 {faxis-

198 3071 432 3140 χιλίους
470 3072 563 3122 καὶ
599 3073 796 3129 ἱππεῖς
833 3075 1223 3152 τετρακοσίους

213 3142 497 3210 παρεῖχον
520 3138 589 3192 vl
620 3141 667 3191 d.
692 3141 740 3191 h.
767 3156 862 3191 sex
884 3140 1023 3192 milia
1052 3155 1119 3190 zu
1143 3139 1218 3189 le·-

215 3222 329 3267 sen,
352 3208 454 3273 νει.
482 3225 525 3257 c.
549 3208 629 3272 11,
653 3208 703 3259 9.

293 3273 372 3325 1⁰.
414 3275 637 3326 Plaudet.
671 3293 785 3342 ag„
818 3292 878 3328 er
901 3276 1050 3327 riickt
1075 3275 1226 3325 nord-

218 3340 405 3392 estnon
430 3357 541 3392 vor.
563 3369 631 3380 —-
657 3341 868 3411 Gortyn.
895 3344 1045 3407 Cret„
1072 3359 1112 3394 ε.
1139 3342 1223 3406 32,

219 3410 317 3471 29,
353 3408 412 3472 83
449 3411 742 3461 schwerlich
778 3413 889 3463 sind
921 3428 977 3462 es
1012 3411 1091 3462 die
1124 3427 1220 3461 von

217 3477 376 3528 Nabis
433 3478 764 3542 gesendeten,
828 3481 892 3531 da
950 3481 1076 3530 auch
1142 3480 1221 3530 die

219 3545 349 3596 Zahl
373 3545 700 3596 verschieden
726 3547 819 3610 ist,
854 3564 895 3598 s,
923 3546 1016 3609 32,
1050 3547 1142 3608 40,
1170 3547 1220 3598 3.

218 3640 288 3651 -—-
314 3612 565 3681 Cydante,
591 3629 633 3664 e.
658 3613 740 3677 44,
763 3614 840 3675 13,
869 3614 917 3665 8.
942 3643 1011 3653 -
1032 3614 1222 3683 Apoll„

219 3696 310 3733 aus
335 3683 425 3734 der
448 3681 742 3749 illyriscben
768 3682 932 3747 stadt,
958 3698 1001 3734 s,
1028 3681 1111 3746 31,
1139 3682 1224 3746 22,

220 3747 280 3810 43
307 3749 388 3816 44,
413 3749 496 3812 30,
520 3749 611 3813 1ος
635 3750 737 3815 vgl.
757 3766 802 3801 c.
826 3749 904 3814 14,
927 3750 978 3815 4,
1003 3765 1082 3799 wo
1100 3751 1224 3800 euch

219 3814 386 3883 Illyrii
441 3817 602 3870 neben
660 3818 930 3870 Cretenses
997 3818 1227 3868 erwihnt

220 3886 440 3937 werden.
472 3914 543 3925 —
587 3887 731 3940 haud
767 3887 816 3938 d.
848 3903 924 3955 a.,
966 3885 1228 3938 Leichtbe-

222 3953 469 4018 waffnete,
495 3955 921 4020 Bogenschiitzen.

297 4020 513 4072 11-12,
536 4040 739 4076 summa
760 4041 881 4094 rer„
906 4025 1017 4076 eine
1035 4022 1225 4088 Haupt-

329 4104 420 4149 Tit.
441 4104 532 4151 Liv.
563 4107 668 4150 Pars
684 4109 775 4154 vn.

1332 2530 1504 2595 Spiele
1531 2532 1693 2593 stand,
1719 2547 1762 2582 s,
1788 2548 1831 2582 c.
1855 2531 1902 2596 7,
1926 2531 2013 2592 103
2035 2532 2082 2595 3,
2104 2531 2151 2595 5,
2173 2531 2229 2593 83
2250 2531 2332 2592 21,

1338 2597 1415 2662 16,
1443 2598 1504 2661 23
1530 2599 1596 2649 ib.
1622 2599 1705 2661 29,
1730 2600 1789 2662 43
1812 2626 1881 2636 —
1904 2600 2060 2650 simul
2081 2606 2205 2665 etc„
2227 2600 2333 2663 vgl.

1330 2664 1507 2717 lustin.
1541 2666 1631 2729 30,
1667 2667 1715 2717 4.
1750 2694 1819 2705 —-
1851 2669 2064 2729 terreb.,
2098 2668 2178 2716 die
2201 2666 2335 2717 Ver-

1332 2734 1467 2785 luste
1491 2735 1539 2784 in
1565 2736 1660 2785 den
1686 2735 1865 2785 beiden
1891 2735 2334 2797 vorhergehenden

1330 2802 1532 2866 Jahn-en,
1559 2802 1640 2866 32,
1671 2802 1761 2865 123
1788 2801 1871 2866 31,
1897 2802 1989 2863 373
2017 2802 2141 2851 doch
2167 2801 2236 2851 ist
2254 2802 2333 2850 die

1329 2869 1516 2920 Lesart
1538 2870 1674 2921 nicht
1697 2870 1882 2933 sicher,
1917 2870 1980 2920 da
2003 2872 2137 2934 erig-i
2157 2869 2206 2918 in
2243 2870 2336 2918 der

1331 2938 1452 2988 Hds.
1487 2937 1613 2987 fehlt
1646 2938 1744 2986 und
1778 2942 1906 2986 statt
1934 2936 2004 2987 ad
2032 2953 2092 2986 ea
2125 2953 2253 3002 quae
2284 2937 2334 2986 in

1330 3004 1594 3054 dei-selben
1619 3004 1681 3054 de
1703 3020 1764 3054 re
1787 3004 1994 3067 gelesen
2018 3005 2162 3054 w‘ird.

1398 3063 1462 3122 4.
1495 3070 1643 3121 1-3,
1668 3071 1740 3121 ad
1756 3074 1949 3136 Aoum,
1974 3087 2017 3121 s.
2042 3071 2125 3137 32,
2152 3072 2332 3135 53123

1329 3139 1462 3189 Plut.
1510 3147 1666 3190 neunt
1708 3139 1959 3203 unrichtig
2006 3140 2100 3189 den
2149 3139 2334 3205 Apsus»,

1330 3208 1433 3270 vgl.
1473 3206 1563 3269 38,
1598 3207 1689 3271 49,
1722 3207 1770 3257 3.
1794 3234 1864 3245 ·-
1898 3212 1979 3260 ter
2009 3224 2043 3258 α
2067 3208 2138 3259 ist
2167 3210 2335 3258 wahr-

1330 3275 1598 3326 scheinlich
1646 3276 1919 3342 unrichtig,
1976 3277 2039 3327 da
2085 3277 2166 3327 die
2212 3277 2334 3327 Hds.

1330 3347 1474 3394 terra
1508 3346 1616 3407 hat,
1661 3343 1752 3410 32,
1799 3344 1859 3394 17
1898 3345 1978 3395 ein
2019 3345 2335 3408 dreimaliges

1327 3411 1772 3476 Zuriickschlagen
1806 3412 1942 3463 nicht
1975 3413 2205 3463 erwiihnt
2237 3414 2336 3463 und

1329 3481 1419 3531 das
1438 3480 1580 3545 Folg.
1608 3484 1661 3531 vi
1681 3482 1809 3539 daun
1839 3481 1976 3531 nicht
2001 3482 2215 3546 passend
2244 3481 2333 3531 ist:

1327 3548 1530 3599 Andere
1580 3550 1723 3599 lesen
1776 3551 1960 3599 territa
1999 3564 2157 3613 gegen
2197 3547 2233 3614 ξ
2276 3548 2334 3609 3;

1328 3619 1562 3679 stetisse,
1586 3616 1726 3667 viell.
1753 3619 1943 3667 iterum
1967 3633 2036 3680 a.,
2059 3633 2102 3668 s.
2134 3617 2192 3667 21
2212 3653 2225 3679 ‚
2258 3616 2334 3682 18,

1335 3683 1414 3733 14.
1441 3711 1509 3720 —
1531 3688 1638 3735 eti.
1664 3688 1850 3747 tamen,
1885 3700 1926 3735 s.
1951 3683 2042 3748 32,
2068 3685 2160 3748 38,
2194 3684 2243 3735 2.
2267 3711 2336 3722 -—

1328 3750 1559 3819 Epirifi‚
1587 3766 1631 3802 c.
1658 3750 1712 3813 8,
1740 3751 1790 3801 4.
1815 3779 1885 3790 -·
1906 3768 2150 3814 sert-asa,
2185 3768 2226 3802 S.
2252 3750 2333 3812 34,

1331 3818 1379 3882 9,
1399 3818 1460 3880 ὃς
1495 3818 1576 3883 32,
1603 3819 1693 3883 26,
1724 3819 1811 3869 17:
1844 3821 2045 3887 ιἰξςτἩαο
2069 3824 2330 3879 servatae,-

1331 3884 1421 3953 36,
1482 3887 1567 3951 11,
1627 3886 1658 3936 3
1712 3904 1763 3938 ιι.
1810 3903 1882 3949 a.;
1942 3890 2040 3951 vgl.
2098 3886 2188 3948 28,
2254 3886 2334 3952 22,

1334 3953 1381 4005 7.
1406 3981 1468 3992 -
1497 3958 1651 4022 iusta,
1676 3952 1717 4006 s.
1746 3956 1834 4021 22,
1858 3955 1949 4019 28,
1981 3954 2070 4018 13,
2096 3954 2231 4003 nieht
2254 3954 2333 4003 bei

1332 4022 1493 4074 einem
1516 4023 1772 4077 Ueberfall
1795 4024 1888 4074 wie
1913 4038 1991 4073 am
2016 4022 2169 4073 Aous

2380 874 2441 924 10

2381 1297 2437 1347 11

2381 1383 2443 1433 12
