2861 4550
515 396 635 459 192
1176 392 1368 447 LIBER
1401 391 1643 447 XXXIII.
1695 391 1842 446 CAP.
1868 392 1949 444 12.
2394 418 2437 448 2,
2456 418 2503 450 a,
2520 406 2626 450 ⁶5⁷.

508 548 845 630 ponendam
866 567 1072 629 pacem
1093 566 1240 623 esse,
1266 555 1335 612 ut
1355 548 1593 611 Graecia
1615 548 1788 611 etiam
1809 545 2145 610 absentibus
2167 545 2455 609 Romanis
2478 546 2629 612 satis

436 651 467 700 3
507 641 720 714 potens
749 634 996 696 tuendae
1022 633 1199 696 simul
1227 634 1388 714 pacis
1416 633 1819 715 libertatisque
1846 640 2020 695 esset.
2078 631 2422 696 Aetolorum
2446 651 2628 713 aspe-

508 719 630 780 rior
659 720 845 783 oratio
875 719 1007 794 fuit,
1036 719 1136 799 qui
1163 738 1349 800 pauca
1376 719 1642 800 praefati,
1670 727 1828 782 recte
1854 726 2026 800 atque
2057 717 2266 782 ordine
2295 717 2627 798 imperate-

506 823 636 866 rem
665 805 996 868 Romanum
1026 806 1228 880 facere,
1258 806 1435 885 quod,
1465 823 1615 886 quos
1642 804 1775 867 belli
1805 805 2002 867 socios
2031 803 2350 876 habuisset,
2381 822 2515 865 cum
2545 803 2626 867 iis

432 903 464 951 4
507 889 964 955 communicaret
990 890 1153 970 pacis
1183 890 1445 953 consilia.
1504 890 1616 952 falli
1645 899 1837 953 autem
1866 909 1999 953 eum
2028 897 2152 952 tota
2179 907 2262 964 re,
2293 888 2345 950 si
2372 896 2472 950 aut
2493 887 2626 951 Ro-

504 975 695 1037 manis
731 993 936 1056 pacem
972 982 1073 1038 aut
1101 976 1371 1051 Graeciae
1407 976 1725 1038 libertatem
1767 976 1910 1037 satis
1940 976 2170 1040 firmam
2199 994 2269 1036 se
2298 974 2492 1035 credat
2518 992 2626 1036 re-

503 1059 779 1124 licturum
811 1061 929 1122 nisi
955 1060 1228 1141 Philippo
1259 1069 1361 1123 aut
1388 1061 1585 1124 occiso
1614 1070 1715 1124 aut
1739 1079 1922 1140 regno
1952 1061 2154 1141 puls03
2193 1078 2340 1141 quae
2367 1069 2627 1141 utraque

431 1162 462 1210 5
500 1145 777 1226 proclivia
804 1164 948 1220 esse,
978 1146 1029 1208 si
1058 1148 1290 1208 fortuna
1318 1146 1404 1209 uti
1433 1147 1613 1208 vellet.
1672 1147 1745 1208 ad
1774 1147 1917 1209 haec
1938 1145 2246 1221 Quinctius
2270 1162 2480 1225 negare
2500 1146 2625 1207 Ae-

502 1231 655 1291 tolos
686 1237 786 1291 aut
815 1231 997 1293 moris
1026 1232 1433 1294 Romanorum
1461 1251 1783 1306 memores,
1817 1239 1917 1293 aut
1944 1230 2056 1293 sihi
2083 1231 2232 1311 ipsis
2262 1229 2624 1292 convenien-

430 1319 461 1368 6
502 1324 620 1376 tem
650 1315 993 1378 sententiam
1025 1316 1257 1379 dixisse.
1316 1325 1373 1379 et
1399 1318 1532 1380 illos
1560 1316 1857 1397 prioribus
1883 1316 2165 1388 omnibus
2184 1314 2443 1380 conciliis
2468 1333 2623 1377 con-

501 1399 831 1480 loquiisque
860 1402 933 1463 de
964 1401 1404 1465 condicionibus
1434 1403 1596 1483 pacis
1623 1421 1887 1482 semper,
1917 1420 2039 1464 non
2064 1411 2133 1465 ut
2159 1402 2229 1463 ad
2259 1400 2623 1463 internecio-

430 1489 459 1538 7
502 1503 643 1546 nem
681 1485 1013 1562 bellaretur,
1051 1488 1420 1561 disseruisse,
1456 1497 1515 1550 et
1541 1488 1842 1550 Romanos
1880 1495 2109 1568 praeter
2146 1484 2621 1550 vetustissimum

501 1589 728 1632 morem
767 1572 933 1634 victis
971 1573 1249 1652 parcendi
1280 1573 1662 1654 praecipuum
1693 1573 2029 1636 clementiae
2056 1572 2479 1635 documentum
2510 1571 2622 1633 de-

429 1666 459 1717 8
501 1656 658 1718 disse
713 1677 858 1738 pace
907 1658 1209 1721 Hannibali
1268 1666 1326 1719 et
1374 1657 1940 1737 Carthaginiensibus
1999 1658 2149 1720 data.
2230 1656 2497 1718 omittere
2546 1675 2621 1718 se

503 1741 1026 1822 Carthaginienses3
1063 1762 1197 1806 cum
1234 1743 1507 1825 Philippo
1545 1744 1678 1824 ipso
1720 1744 1990 1823 quotiens
2028 1751 2266 1805 ventum
2304 1741 2366 1803 in
2406 1741 2620 1803 conlo-

500 1826 750 1905 quium?
807 1847 916 1890 nec
950 1848 1259 1909 umquam,
1298 1835 1364 1890 ut
1402 1830 1627 1892 cederet
1664 1847 1876 1908 regno,
1915 1835 2109 1890 actum
2148 1846 2296 1890 esse.
2365 1845 2438 1887 an
2478 1826 2621 1907 quia

427 1919 457 1968 9
497 1913 682 1974 victus
729 1913 952 1994 proelio
1002 1917 1178 1988 foret,
1222 1913 1570 1995 inexpiabile
1619 1915 1833 1978 bellum
1878 1911 2139 1976 sactum?
2205 1930 2339 1976 cum
2383 1919 2617 1973 armato

496 1998 669 2060 hoste
708 1998 937 2062 infestis
976 1999 1186 2062 animis
1225 1999 1494 2061 concurri
1536 1999 1773 2063 debere:
1820 2000 2101 2062 adversus
2138 1997 2326 2061 victos
2363 1996 2617 2059 mitissi—

395 2093 457 2143 10
490 2102 663 2145 mum
702 2101 994 2164 quemque
1026 2084 1283 2146 animum
1313 2085 1633 2147 maximum
1662 2085 1890 2148 habere.
1950 2084 2196 2146 libertati
2226 2083 2496 2144 Graeciae
2522 2081 2616 2142 vi-

499 2222 688 2273 nander
706 2222 881 2273 selbst.
903 2220 1134 2285 -Ασίοἱ,
1148 2221 1326 2290 Polyb.
1344 2230 1502 2275 neunt
1611 2221 1655 2291 1,
1696 2229 1824 2273 statt
1868 2223 2132 2274 sententiis
2178 2220 2241 2270 ab
2284 2221 2414 2291 ipsis
2457 2220 2618 2272 dictis

494 2291 803 2355 Alexander,
829 2306 872 2341 s.
898 2290 991 2353 32,
1016 2289 1108 2354 33,
1133 2291 1164 2340 9
1190 2291 1374 2344 ebenso
1398 2291 1502 2359 Ap·
1604 2306 1821 2353 coum,
1845 2292 1920 2341 sie
1940 2291 2079 2342 seien
2096 2289 2469 2357 inconsequent.
2513 2290 2612 2341 Die

494 2359 611 2424 pian
643 2359 682 2409 l.
716 2359 752 2409 1.
786 2356 1143 2430 Ἀλέξανδρος
1180 2355 1210 2410 ὁ
1250 2359 1362 2412 τῶν
1391 2362 1503 2411 Αἰ·
1605 2359 1781 2410 beiden
1809 2358 2080 2410 Gedanken
2098 2358 2304 2408 werden
2339 2358 2611 2409 chiastiseh

494 2426 685 2478 πωλῶν
716 2423 1011 2497 πρόεδρος.
1042 2453 1114 2464 -
1140 2443 1310 2495 pauca
1346 2445 1500 2496 prae-

477 2494 600 2559 fati
635 2495 705 2544 ist
744 2510 802 2544 so
842 2501 1044 2559 gesagt‚
1093 2495 1171 2546 uls
1213 2496 1275 2546 ob
1326 2496 1500 2561 fulgen

493 2561 645 2611 sollte
687 2560 955 2626 dixer-mit,
1002 2567 1142 2613 reete
1189 2564 1390 2630 quadem
1433 2594 1494 2603 —

485 2627 611 2694 falli
637 2633 837 2690 autenm
877 2629 966 2681 das
1013 2630 1153 2682 verb.
1194 2632 1385 2683 finitum
1427 2634 1499 2684 ist

491 2697 626 2747 wohl
650 2699 787 2748 nicht
806 2697 1155 2764 binzugeffigt,
1180 2701 1301 2751 weil
1327 2703 1494 2754 oratio

475 2766 600 2831 suit
617 2768 945 2831 vorau'sgeht3
980 2768 1103 2818 oder
1125 2773 1263 2820 recte
1282 2796 1352 2807 -—
1375 2786 1496 2820 con-

490 2833 612 2885 silia
640 2834 709 2886 ist
731 2835 1017 2899 Erkliirung
1047 2851 1146 2886 von
1176 2852 1369 2905 pauca,
1403 2838 1493 2888 das

490 2900 633 2965 Folg.
684 2903 776 2953 der
814 2901 977 2955 Inhalt
1007 2904 1098 2954 der
1137 2903 1275 2956 Rede
1318 2905 1493 2968 selhst,

1603 2427 1924 2491 ansgeffihrt,
1967 2428 2063 2478 der
2102 2427 2256 2476 dritte
2304 2425 2471 2476 Punkt
2514 2426 2611 2477 καὶ

1600 2489 1848 2575 paduan}
1865 2494 2091 2576 rofi-miv
2109 2488 2377 2575 Ἑλλὴζων
2394 2495 2614 2564 συμφέ-

1601 2579 1738 2681 3123
1740 2580 1801 2698 ’ξ
1809 2570 1900 2692 ιῖῗῗ
1930 2561 2613 2694 '322‘2103ffl25ffiz'2

1602 2700 1761 2765 steht,
1784 2698 2195 2762 beriicksichtigt.
2219 2725 2289 2737 —-
2310 2698 2374 2749 de
2397 2698 2609 2762 condic„

1601 2767 1664 2817 da
1686 2768 1766 2817 die
1785 2767 1905 2817 Hds,
1928 2772 1981 2819 et
2000 2767 2063 2819 de
2085 2767 2228 2819 cond.
2255 2768 2357 2831 bat,
2379 2766 2450 2817 ist.
2465 2766 2605 2817 viell.

1601 2839 1654 2885 et
1675 2835 1739 2886 de
1761 2835 1887 2886 bello
1912 2840 1965 2886 et
1985 2836 2047 2886 de
2074 2835 2218 2886 cond.
2255 2851 2320 2885 zu
2352 2834 2513 2885 lesen.
2535 2861 2611 2870 —

1599 2907 1683 2968 ut,
1705 2903 1824 2954 weil
1847 2904 1898 2953 in
1920 2903 2228 2957 disseruisse
2249 2904 2328 2953 die
2355 2902 2608 2954 Willens-

489 2971 588 3020 und
613 2971 704 3020 der
721 2970 844 3022 Siitz
868 2972 1258 3037 anacoluthisch‚
1282 2973 1384 3037 vgl.
1407 2972 1493 3037 23,

489 3037 546 3103 2,
574 3038 695 3100 5ff.;
721 3039 810 3100 34,
838 3039 928 3104 27,
956 3041 1004 3093 5.
1028 3067 1096 3076 ——
1119 3046 1254 3092 reete
1275 3057 1323 3091 a.
1348 3057 1422 3103 o.‚
1448 3057 1491 3093 s.

488 3105 580 3168 28,
617 3105 707 3170 39,
748 3107 825 3157 18.
850 3135 919 3145 -
941 3123 1058 3159 cum
1078 3110 1142 3159 iis
1167 3115 1288 3173 etc„
1322 3109 1373 3159 in
1396 3109 1493 3159 Be·-

490 3185 587 3237 zug
616 3174 708 3225 auf
734 3190 776 3225 c.
816 3173 902 3240 11,
936 3175 983 3225 5.
1007 3203 1075 3212 —
1110 3179 1219 3226 tota
1248 3192 1331 3242 re,
1373 3180 1494 3234 τοῖς

489 3235 640 3300 ὅλοις
663 3237 781 3312 πρά
815 3255 996 3311 μασιν
1031 3236 1274 3308 ἀγνοεῖν.
1297 3271 1366 3281 -
1388 3247 1495 3295 nisi

487 3309 538 3359 in
561 3309 780 3360 Riicksic
815 3317 837 3361 t
858 3310 950 3360 anf
977 3310 1061 3360 die
1090 3309 1142 3359 in
1156 3310 1290 3375 salli
1315 3315 1366 3362 si
1394 3313 1489 3362 lie-

486 3379 646 3441 gende
668 3376 916 3441 Negation
934 3399 1004 3420 =
1016 3392 1129 3445 pax
1148 3394 1251 3429 non
1272 3382 1372 3430 erit
1385 3381 1493 3446 fir-

485 3461 595 3509 ma,
628 3447 745 3496 m‘si.
779 3472 848 3482 —
879 3449 976 3496 aut
1004 3449 1168 3496 occiso
1202 3447 1289 3497 bat
1316 3449 1492 3498 weder

485 3512 662 3579 Polyb.
688 3514 810 3562 noch
835 3511 1070 3579 Appiam,
1105 3512 1250 3564 beide
1274 3530 1370 3564 nur
1391 3517 1489 3566 den

485 3579 608 3642 folg.
649 3579 955 3643 Vorscblag:
997 3585 1094 3632 aut
1131 3597 1176 3634 r.
1211 3582 1379 3651 pulso.
1420 3612 1491 3623 -—-·

465 3651 663 3763 uzal
672 3662 724 3765 3.
752 3646 1052 3767 31ᾖ871η7ἇνὲῗ.
1067 3717 1208 3768 viell.
1258 3718 1328 3770 ist
1377 3736 1491 3771 esse

486 3781 796 3846 ausgefallen
820 3785 944 3837 oder
964 3784 1054 3834 mit
1073 3784 1277 3837 Gronov
1291 3803 1488 3840 memo-

486 3866 612 3913 rem,
637 3867 679 3902 s.
708 3851 761 3917 1,
795 3850 887 3917 28,
914 3851 1002 3933 ¹¹2
1029 3869 1094 3903 zu
1116 3854 1277 3906 lesen.
1300 3881 1371 3893 ——-
1391 3859 1494 3907 sibi

484 3946 554 3957 —
575 3935 794 3985 convert„
817 3919 913 3985 τῆς
935 3922 1105 3973 αυτοῦ
1131 3920 1485 3987 (Alexanders)

487 3989 840 4056 προθέσεως,
861 3988 962 4039 sibi
975 3992 1104 4058 ipsis
1120 3990 1490 4042 dieselbeRiir-

486 4070 563 4119 ze,
587 4058 686 4108 wie
710 4058 760 4108 in
779 4056 1210 4124 Vergleichungen
1234 4075 1278 4110 s.
1299 4057 1381 4127 32,
1399 4057 1483 4124 38,

1580 2964 1879 3035 'erklarung
1901 2972 2051 3035 liegt:
2088 2972 2163 3023 sie
2189 2973 2363 3022 hiitten
2385 2970 2489 3020 sich
2513 2969 2608 3020 da·

1600 3039 1681 3090 hin
1715 3040 2136 3106 ausgesprochen.
2158 3066 2230 3077 —
2248 3043 2480 3109 praeta,
2513 3037 2605 3088 ab·

1599 3109 1818 3171 genehen
1838 3124 1950 3168 von,
1963 3108 2089 3157 wird
2108 3107 2300 3158 wieder
2316 3105 2608 3170 ansgenom-

1598 3190 1711 3226 men
1742 3177 1846 3226 und
1876 3175 2156 3240 gesteigert
2181 3177 2336 3227 durch
2370 3176 2607 3225 omittere

1597 3260 1670 3294 se.
1720 3242 1887 3296 Ueber
1918 3244 1997 3294 die
2022 3242 2183 3294 Sache
2207 3260 2251 3295 s.
2278 3241 2371 3308 31,
2392 3241 2483 3309 31,
2519 3241 2602 3292 15.

1596 3336 1667 3349 ·-—
1687 3316 1750 3362 ut
1778 3312 1882 3363 ced.
1917 3327 1978 3375 r„
2003 3305 2095 3362 ὅτι
2117 3309 2210 3363 δεῖ
2240 3311 2382 3363 πολε
2429 3312 2513 3362 εῖν
2533 3337 2605 3347 --

1598 3374 1933 3440 ἆδιαλύτωςς
1956 3381 2045 3430 das
2068 3384 2163 3431 aut
2184 3383 2347 3430 occiso
2421 3378 2455 3428 4
2471 3376 2600 3428 wird

1597 3446 1733 3498 nicht
1776 3447 2188 3513 beriicksichtigt.
2229 3473 2300 3486 ·-—
2343 3463 2413 3498 an
2458 3447 2602 3512 qudo.-

1596 3515 1827 3566 dasselbe
1867 3515 2036 3566 miisse
2075 3517 2200 3567 auch
2236 3516 2372 3581 jetzt
2409 3513 2599 3578 festge-

1596 3583 1763 3635 halten
1790 3585 2011 3649 werden,
2033 3585 2162 3637 deun
2187 3584 2343 3635 durch
2367 3583 2464 3633 den
2482 3581 2602 3645 δῖος

1597 3651 1673 3701 sei
1696 3652 1833 3702 nicht
1854 3668 1904 3703 u.
1930 3668 1972 3702 s.
1998 3666 2063 3702 w.
2087 3678 2158 3692 -
2178 3653 2510 3704 natissimmn
2532 3649 2601 3700 ist

1593 3719 1696 3769 wol
1714 3719 2105 3772 substantivisch
2126 3737 2191 3771 zu
2210 3720 2436 3784 nehmen‚
2464 3717 2599 3769 nicht

1592 3790 1822 3839 mimam
1860 3804 1927 3839 zu
1958 3788 2182 3854 denken,
2222 3789 2321 3839 wie
2352 3788 2419 3837 im
2451 3784 2596 3848 Felg.

1587 3871 1838 3974 prige-Z
1848 3863 2156 3977 lamiam&-
2176 3922 2290 3985 θη,
2317 3924 2409 3974 der
2430 3920 2597 3974 Unab·

1588 3990 1878 4056 hffingigkeit
1952 3994 2053 4044 und
2130 3989 2596 4060 republikanisehon

1587 4057 1918 4127 Verfassnng‚
1943 4076 1986 4112 s.
2007 4061 2057 4126 2,
2085 4061 2130 4127 1,
2159 4062 2215 4124 13
2240 4060 2349 4114 Pol.
2369 4060 2463 4112 καὶ
2479 4062 2600 4119 τοῖς

2835 231 2847 430 l
