2861 4550
270 426 314 454 a.
345 411 439 453 Oh.
467 411 561 450 193.

961 396 1154 448 LIBER
1189 395 1435 448 XXXIV.
1493 396 1634 448 CAP.
1661 389 1746 447 62.
2278 398 2394 460 351

176 543 178 546 ⁴
270 553 384 633 qui
419 550 573 612 inter
600 551 883 631 populum
907 551 1442 628 Carthaginiensem
1472 558 1527 612 et
1554 569 1748 628 regem
1780 551 1838 611 in
1867 569 1929 610 re
1958 551 2249 629 praesenti
2279 551 2399 611 dis-

272 644 603 717 ceptarent.
659 637 828 698 missi
859 635 922 697 P.
954 636 1152 717 Scipio
1184 636 1488 697 Africanus
1519 629 1665 697 et'C.
1696 635 1997 697 Cornelius
2032 635 2317 713 Cethegus
2347 645 2399 696 et
2448 646 2507 695 16

249 724 351 785 M.
386 721 678 782 Minucius
709 722 895 784 Rufus
928 721 1122 783 audita
1149 721 1526 801 inspectaque
1555 741 1620 782 re
1653 721 1849 782 omnia
1881 740 2166 801 suspensa
2189 729 2400 782 neutro

265 806 579 869 inclinatis
611 807 913 868 sententiis
943 808 1248 886 reliquere.
1302 807 1358 867 id
1392 806 1589 867 utrum
1621 825 1725 868 sua
1765 815 1976 887 sponte
2017 807 2284 880 fecerint,
2327 824 2399 867 an
2445 819 2504 868 17

269 893 419 973 quia
450 893 787 954 mandatum
820 888 1106 966 ita'fuerit,
1136 898 1401 953 nontam
1426 900 1651 953 certum
1674 900 1780 966 est,
1809 911 1979 972 quam
2007 892 2230 953 videtur
2250 899 2398 952 tem-

265 977 416 1060 pori
440 986 640 1056 aptum
663 979 843 1039 fuisse
863 978 1088 1056 integro
1113 976 1428 1039 certamine
1451 996 1555 1038 eos
1579 977 1845 1057 relinqui.
1889 996 2024 1038 nam
2050 977 2109 1037 ni
2134 978 2208 1038 ita
2231 987 2400 1050 esset,
2449 989 2508 1039 18

263 1082 441 1126 unus
465 1061 660 1142 Scipio
690 1064 775 1124 vel
802 1062 1004 1124 notitia
1034 1062 1117 1124 rei
1149 1063 1237 1123 vel
1266 1062 1622 1138 auctoritate,
1650 1063 1726 1124 ita
1757 1062 1828 1124 de
1855 1063 2116 1143 utrisque
2139 1062 2401 1134 meritus,

268 1151 456 1211 finire
483 1160 630 1209 nutu
659 1148 1140 1228 disceptationem
1168 1147 1477 1227 potuisset.

266 1333 477 1388 praes„
515 1318 578 1367 da
600 1331 680 1367 wo
705 1317 784 1367 die
811 1316 969 1368 Sache
995 1318 1075 1383 ist,
1104 1333 1166 1367 an
1193 1316 1289 1366 Ort
1333 1327 1337 1330 ⁴

265 1388 376 1438 und
406 1385 595 1450 Stelle,
619 1386 701 1449 40,
732 1385 810 1448 17,
839 1386 893 1448 13
921 1386 986 1434 ib.
1015 1385 1097 1449 29,
1124 1385 1182 1448 93
1207 1383 1287 1449 42,

266 1454 355 1522 23,
379 1454 438 1503 2:
456 1456 509 1504 in
528 1469 587 1504 re
604 1457 868 1521 praesenti
881 1469 1204 1520 cog-noscere.
1223 1480 1294 1493 --

270 1524 557 1586 Cethegus,
584 1537 626 1570 c.
654 1520 747 1582 443
773 1522 961 1572 Minue.
990 1538 1032 1571 c.
1060 1521 1151 1582 533
1179 1520 1287 1570 also

270 1594 398 1643 sehr
425 1590 739 1652 ungesehene
765 1589 990 1640 Miinner.
1013 1616 1082 1626 -
1117 1593 1288 1656 inspe-

268 1665 382 1723 cta,
414 1674 457 1708 s.
484 1657 531 1718 4,
557 1656 638 1720 36,
665 1656 722 1717 4;
753 1657 833 1721 27,
859 1657 942 1719 21,
968 1656 1015 1706 8.
1039 1684 1108 1694 —-
1130 1673 1289 1723 susp„

268 1728 360 1790 31,
384 1725 471 1788 32,
491 1726 539 1775 5.
559 1753 627 1761 -
644 1729 821 1776 utrum
840 1732 956 1789 etc„
977 1724 1161 1775 Zonar.
1181 1725 1213 1775 l.
1229 1725 1291 1774 L:

267 1787 948 1917 “gfffssffvziflvaii'iffl}
974 1788 1182 1913 22²3&
1196 1809 1290 1911 “251

267 1882 473 2001 ἔτοιντο
499 1899 591 1980 οἷαὶ
624 1880 826 1998 unffi-²2?
852 1924 1037 1982 αὐτῶν
1072 1923 1167 1979 διὰ
1185 1879 1291 1993 (ξῆν

1395 1318 1584 1386 κρίσιν
1615 1313 1754 1368 κατὰ
1781 1312 2070 1434 Ῥαἰῧαίων
2102 1313 2399 1386 ὀργίζοιτο.

1395 1413 1466 1422 -
1502 1388 1705 1449 integr-o
1746 1401 1812 1452 e.,
1935 1385 2260 1449 iederholung
2304 1401 2401 1437 von

1396 1469 1652 1521 suspensa
1683 1477 1752 1496 =
1791 1469 1887 1503 non
1934 1454 2149 1504 iudicata
2194 1455 2302 1505 lite.
2335 1481 2405 1491 —-

1395 1524 1605 1585 notitia,
1643 1521 1805 1584 4,19,
1832 1520 1889 1580 63
1917 1519 1998 1580 31,
2027 1522 2313 1584 21‚11.-—
2335 1526 2403 1583 ni,

1396 1589 1480 1655 32,
1508 1588 1589 1652 31,
1616 1589 1663 1639 2.
1687 1617 1756 1625 —-
1777 1591 1991 1638 meritus
2020 1590 2172 1638 durch
2198 1591 2277 1638 die
2302 1590 2403 1639 Er-

1397 1656 1604 1720 haltung
1637 1657 1935 1722 CarthagoS,
1968 1657 2046 1705 die
2083 1656 2402 1717 Wiederein-

1397 1731 1613 1788 setzung
1631 1724 1924 1775 Masinissas
1943 1725 2038 1773 und
2060 1725 2138 1774 die
2159 1724 2404 1775 Erweite-

1397 1809 1527 1856 rung
1551 1794 1716 1843 seines
1735 1791 1967 1842 Reiches:
1995 1793 2086 1842 der
2106 1792 2292 1843 Zusatz
2313 1808 2401 1856 ge-

1396 1862 1514 1911 hiirt
1531 1862 1775 1910 zuniichst
1794 1877 1857 1910 zu
1874 1863 2199 1912 auctoritate.
2218 1889 2286 1898 —-
2301 1878 2401 1911 nu—

1394 1933 1470 1990 tu,
1497 1930 1543 1994 7,
1568 1928 1649 1993 30,
1675 1929 1757 1979 20.
