2861 4550
305 405 347 435 α.
373 393 456 436 Ch.
476 394 571 435 ²00.

948 380 1143 433 LIBER
1165 379 1365 434 xxxl.
1421 379 1561 434 cAP.
1587 382 1668 434 41.
1694 382 1779 435 42.
2337 388 2417 448 77

302 533 568 597 iacebant
588 569 671 580 -—-
690 535 936 598 excitare
962 535 1058 597 alii
1091 536 1250 610 alio‘S,
1280 535 1479 597 iubere
1508 555 1666 597 arma
1699 555 1922 617 capere,
1953 537 2097 599 alios
2130 538 2419 599 dimittere
2465 552 2526 600 12

304 621 379 682 ad
407 622 801 695 revocandos,
838 622 936 702 qui
966 621 1157 701 palati:
1167 640 1273 700 per
1301 639 1474 702 agros
1505 622 1959 701 praedabantur:
2001 631 2271 703 tantaque
2300 630 2420 685 tre·

303 703 527 785 pidatio
554 703 679 780 fuit,
710 716 775 768 ut
804 708 932 769 sine
960 707 1162 786 gladiis
1194 707 1430 786 quidam
1458 707 1721 786 equitum
1743 708 1978 780 exirent,
2007 707 2219 770 loricas
2243 708 2419 788 pleri-

305 807 419 870 que
454 807 578 852 non
614 791 936 855 induerent.
1004 792 1080 854 ita
1119 793 1343 872 raptim*
1372 782 1590 866 educti,
1634 811 1765 853 cum
1803 801 2211 855 sescentorum
2254 810 2422 874 aegre
2465 804 2526 854 13

304 876 480 937 simul
502 877 722 956 equites
746 879 1089 959 peditesque
1111 896 1425 939 numerum
1450 878 1798 957 explessent,
1827 878 2091 940 incidunt
2112 878 2171 939 in
2195 878 2419 956 regium

303 960 625 1041 equitatum
662 981 915 1026 numero
956 962 1135 1025 armis
1172 962 1502 1041 animisque
1534 971 1943 1042 praestantem.
2003 964 2195 1042 itaque
2224 963 2417 1042 primo
2468 973 2531 1023 14

302 1047 527 1127 impetu
568 1049 682 1110 susi
734 1049 823 1111 vix
865 1056 1146 1129 temptato
1189 1048 1502 1109 certamine
1539 1048 1695 1127 turpi
1731 1049 1864 1130 fuga
1901 1056 2175 1128 repetunt
2214 1056 2419 1109 castra.

305 1132 458 1194 caesi
501 1134 769 1214 captique
808 1151 959 1215 quos
1001 1133 1220 1213 equites
1261 1134 1334 1194 ab
1368 1134 1604 1211 ‘agmine
1645 1133 1986 1212 fugientium
2027 1134 2420 1194 interclusere.

304 1216 623 1297 Philippus*
656 1219 771 1281 iam
813 1221 937 1283 suis
970 1220 1116 1282 vallo
1148 1217 1753 1298 appropinquantibus
1783 1219 2045 1299 receptui
2074 1219 2202 1281 cani
2230 1218 2421 1292 iussit,
2446 1224 2530 1285 42

304 1303 573 1383 fatigatos
609 1304 763 1366 enim
795 1319 982 1385 equos
1008 1305 1287 1384 virosque
1312 1319 1439 1364 non
1469 1312 1589 1364 tam
1621 1304 1846 1383 proelio
1879 1324 2055 1384 quam
2085 1304 2307 1372 itineris
2339 1304 2422 1365 si-

304 1389 427 1450 mul
452 1388 817 1469 longitudine
838 1391 1014 1452 simul
1039 1408 1429 1471 praepropera
1454 1389 1739 1451 celeritate
1760 1390 2025 1452 habehat.
2081 1391 2274 1469 itaque
2295 1398 2422 1450 tur-
2463 1404 2496 1454 2

304 1473 510 1536 matim
539 1475 782 1555 equiteS,
813 1478 876 1537 in
913 1478 1096 1538 vicem
1137 1475 1469 1554 manipulos
1508 1475 1650 1535 levis
1680 1483 2006 1538 armaturae
2034 1482 2308 1554 aquatum
2341 1475 2425 1535 ire

306 1567 365 1619 et
413 1560 701 1638 prandere
753 1561 937 1636 iubet,
985 1558 1132 1622 alios
1172 1561 1233 1621 in
1272 1560 1526 1621 statione
1564 1568 1822 1622 armatos
1862 1561 2068 1621 retinet
2108 1561 2421 1640 opperiens
2466 1572 2496 1622 3

307 1662 516 1724 agmen
563 1645 824 1725 peditum
873 1647 1093 1707 tardius
1144 1647 1385 1707 ductum
1438 1654 1682 1726 propter
1728 1646 2061 1723 gravitatem
2101 1663 2422 1706 armorum.

310 1730 467 1808 quod
500 1731 597 1792 ubi
629 1731 871 1806 advenit,
902 1740 960 1793 et
988 1731 1131 1812 ipsis
1160 1730 1531 1810 imperatum,
1562 1738 1628 1791 ut
1659 1730 1889 1791 statutis
1919 1730 2100 1809 signis
2132 1730 2426 1814 armisque
2465 1745 2499 1795 4

312 1823 445 1875 ante
471 1834 534 1877 se
564 1817 772 1897 positis
804 1817 1018 1896 raptim
1052 1816 1245 1877 cibum
1277 1823 1555 1896 caperent
1576 1815 1729 1877 binis
1755 1815 2009 1877 ternisve
2032 1830 2330 1877 summum
2354 1836 2425 1876 ex

313 1899 619 1980 manipulis
650 1903 901 1981 aquandi
925 1921 1099 1964 causa
1124 1900 1354 1963 missis:
1384 1902 1623 1963 interim
1646 1919 1822 1982 eques
1849 1919 1980 1962 cum
2005 1901 2110 1962 levi
2134 1910 2425 1963 armatura

310 1995 546 2063 paratus
587 1988 1026 2068 instructusque
1066 1988 1251 2059 stetit,
1294 1987 1343 2048 si
1381 1986 1521 2066 quid
1560 1987 1750 2048 hostis
1790 1995 2068 2047 moveret.
2127 1986 2312 2048 Aetoli
2341 2019 2425 2032 —-
2465 2002 2495 2052 5

306 2069 421 2131 iam
464 2072 621 2135 enim
662 2081 720 2134 et
757 2092 905 2154 quae
943 2091 1049 2154 per
1086 2091 1260 2153 agros
1296 2092 1499 2153 sparsa
1530 2072 1842 2133 multitudo
1875 2072 2058 2136 fuerat
2086 2080 2428 2151 receperant

308 2174 372 2217 se
410 2156 471 2220 in
511 2166 700 2221 castra
730 2195 813 2206 -ν
843 2167 908 2221 ut
947 2158 1242 2222 defensuri
1280 2158 1642 2219 munimenta
1683 2157 1830 2220 circa
1868 2165 2070 2237 portas
2101 2157 2426 2237 vallumque

300 2354 497 2406 graves
532 2343 640 2393 cibo
671 2343 854 2408 sopiti,
889 2357 929 2391 s.
964 2342 1013 2404 1,
1051 2340 1141 2404 21,
1178 2342 1223 2392 1.
1248 2369 1311 2377 —-

1423 2341 1545 2392 dere
1575 2343 1696 2392 nach
1731 2340 1764 2407 ξ
1790 2342 1846 2391 4:
1882 2344 2047 2393 cibum
2080 2346 2336 2410 caperent,
2362 2344 2425 2392 da

308 2413 529 2474 tantaq„
582 2409 980 2459 abschliessend:
1038 2409 1318 2475 iiberliaupt
1423 2412 1547 2460 nach
1574 2425 1618 2459 c.
1644 2409 1734 2471 41,
1775 2410 1832 2459 11
1859 2410 2045 2473 'Mittag
2075 2410 2264 2460 bereits
2299 2426 2423 2460 vor-

307 2492 359 2526 a·
382 2491 618 2593 fay-214.
655 2542 847 2604 educti,
884 2543 1069 2594 niihere
1103 2543 1314 2595 Bestim-

308 2624 462 2674 mung
503 2611 599 2660 und
632 2606 1020 2676 Verbesseruug
1060 2627 1157 2662 von
1201 2615 1314 2664 eati-

191 2686 203 2695 “
307 2683 440 2730 rent.
465 2706 535 2715 —
557 2680 803 2730 simul—
826 2696 922 2745 que
944 2696 985 2730 s.
1012 2679 1218 2746 33,12‚
1254 2680 1311 2744 23

309 2747 358 2809 2,
390 2746 467 2807 12,
498 2747 586 2808 12;
615 2747 661 2808 3,
690 2747 778 2810 38,
819 2748 879 2797 12
905 2765 953 2798 n.
986 2763 1031 2799 a.
1058 2777 1126 2787 -
1149 2751 1314 2800 armis

310 2816 446 2866 nicht
468 2831 530 2866 an
556 2817 686 2880 sich,
723 2819 938 2869 sondern
963 2818 1081 2869 weil
1109 2817 1188 2867 die
1214 2817 1312 2867 Ae·

311 2883 445 2933 toler
500 2884 636 2935 nicht
688 2884 996 2949 vollstiindig
1049 2886 1315 2936 bewafl'net

310 2951 437 3001 sind.
484 2979 554 2989 ·—
667 2969 725 3003 os
781 2954 1044 3004 entweder
1096 2956 1139 3004 ii
1190 2955 1313 3005 oder

312 3035 509 3083 omnes,
545 3036 612 3084 vg
636 3058 648 3070 .
674 3038 716 3070 c.
742 3019 834 3083 42,
859 3021 915 3071 6:
946 3021 1101 3072 multi
1130 3024 1186 3072 in
1218 3022 1313 3073 leae

309 3102 505 3207 wag-⁶
525 3088 853 3207 T—figgaiam
897 3157 968 3206 ist
1012 3158 1102 3207 des
1148 3156 1312 3206 Nach-

309 3225 492 3275 drucks
517 3239 690 3288 weg-en
714 3238 813 3273 von
836 3225 966 3276 vallo
983 3240 1049 3293 ap
1087 3240 1198 3293 φορ.
1224 3240 1312 3288 ge-

312 3298 497 3344 trennt.
519 3320 589 3329 —
612 3309 766 3359 equos
789 3309 861 3359 tu,
887 3309 928 3342 s.
955 3294 1012 3357 5,
1047 3240 1137 3357 ἔῖ,
1173 3294 1221 3341 5.
1244 3320 1313 3329 —-

291 3361 466 3427 salig.
491 3389 560 3399 -
582 3362 816 3423 habebat,
851 3363 990 3411 hatte
1015 3361 1087 3411 sie
1122 3362 1187 3411 im
1211 3359 1315 3410 Zu-

311 3429 486 3479 staude
510 3429 602 3478 der
623 3429 913 3492 Ermiiduug
934 3429 1014 3479 bei
1038 3429 1167 3492 sich,
1202 3444 1242 3479 s.
1267 3444 1311 3479 c.

310 3494 402 3558 21,
437 3497 485 3546 7.
516 3524 585 3534 —-
617 3496 772 3546 simul
799 3525 870 3533 -—
899 3496 1057 3547 5171qu
1094 3497 1193 3548 soll
1233 3496 1311 3546 die

311 3562 748 3627 Gleichzeitigkelt
770 3564 944 3613 beider
968 3562 1173 3615 Griinde
1192 3566 1313 3614 lier-

307 3632 587 3692 vorbeben,
620 3646 727 3680 was
762 3631 916 3681 durch
952 3632 1110 3683 simul
1126 3659 1196 3670 -—-
1219 3649 1316 3698 que

310 3717 354 3749 c.
384 3700 464 3760 41,
495 3698 558 3748 13
579 3700 714 3750 nicht
737 3714 793 3748 so
819 3699 1092 3761 geschicht.
1112 3728 1177 3736 -—
1202 3703 1314 3749 tm·-

307 3771 489 3818 matim
512 3784 560 3816 u.
581 3769 795 3817 invicem
813 3769 1002 3833 manip.
1023 3767 1317 3818 bezeichnet

310 3838 433 3886 nach
467 3836 744 3886 riimischer
776 3834 1083 3898 Auffassuug
1112 3836 1160 3885 in
1193 3849 1315 3885 ver-

308 3904 603 3954 schiedener
633 3902 782 3954 Form
816 3902 1047 3953 dasselbe
1077 3902 1313 3954 Verh'dlt-

310 3973 441 4034 nias,
475 3973 591 4021 dass
620 3972 677 4035 je
713 3973 825 4022 eine
855 3971 1158 4036 Abtheilung
1191 3974 1313 4022 nach

311 4039 402 4090 der
424 4040 640 4090 anderen
666 4040 889 4105 abgehen
924 4040 1038 4091 soll.
1064 4068 1134 4078 -—
1152 4055 1315 4109 pran-

1421 2476 1502 2527 bei
1527 2478 1611 2528 ist.

1488 2544 1655 2594 4-7,
1693 2549 1905 2597 statutis
1928 2564 1997 2610 s.‚
2031 2547 2127 2596 wie
2154 2547 2339 2598 vorher
2368 2549 2424 2598 in

1419 2615 1656 2675 statione,
1677 2614 1903 2677 hfiufiger
1926 2618 2236 2666 constituere
2256 2618 2423 2681 signa,

1420 2697 1463 2731 s.
1491 2681 1571 2747 33,
1601 2681 1678 2741 10,
1704 2681 1764 2745 33
1796 2681 1876 2745 34,
1905 2683 1983 2747 20,
2007 2683 2067 2743 4;
2109 2683 2184 2745 10,
2209 2683 2292 2743 34,
2317 2683 2347 2732 9
2372 2699 2421 2732 ιι.

1417 2764 1495 2809 a.,
1520 2750 1622 2813 vgl.
1652 2750 1981 2812 27,16,11;
2019 2750 2332 2814 28,15,10.
2357 2777 2426 2787 ——

1419 2820 1550 2868 binis
1569 2823 1717 2877 ter-n„
1734 2819 1918 2882 immer,
1931 2818 2176 2882 jedesmal
2197 2832 2293 2866 nur
2309 2818 2426 2867 sehr

1417 2887 1631 3001 wenis&
1653 2886 1784 3001 ΖΣ-οἰ
1809 2888 1933 3002 οάἓι·
1954 2887 2079 3001 ἀέξὶ,
2106 2886 2288 3002 ander?
2311 2901 2423 3003 ¹que,

1419 2969 1463 3003 s.
1485 2969 1528 3002 c.
1726 2990 1737 3001 .
1770 2979 1838 2989 ——
1915 2967 1939 3002 s
2008 2969 2167 3001 onnen
2197 2968 2254 3016 Je
2280 2968 2307 3001 z
2366 2969 2424 3002 so

1364 3019 1377 3025 ’
1417 3021 1617 3083 wenige
1639 2990 1858 3069 wasser
1880 3020 2049 3085 bolen,
2073 3021 2134 3069 da
2159 3022 2240 3070 die
2264 3019 2423 3071 leich-

1417 3096 1503 3137 teu
1541 3086 1775 3152 Truppen
1810 3086 1997 3137 Schutz
2038 3089 2321 3151 gewiihren.
2355 3116 2425 3127 --

1417 3155 2425 3294 ΐιῗῗιῖἔεῗέξξζξᾙῗέῑέἳῒηέἳὸῗὲἶῖῗὲξ

1418 3294 1763 3360 τετραρχίαι,
1806 3309 1854 3343 u.
1900 3309 1942 3342 s·
1986 3309 2048 3343 w,
2101 3322 2168 3331 --
2214 3298 2265 3346 si
2302 3293 2427 3361 quid

1420 3360 1653 3426 (aliquem
1671 3361 1883 3424 motum)
1910 3363 1960 3413 Ιι.
1978 3376 2127 3424 mov.,
2153 3368 2310 3412 etwas
2329 3378 2422 3412 un-

1416 3429 1726 3491 t‘erniihmen,
1751 3430 1861 3479 eine
1882 3430 2165 3494 Bewegung
2180 3432 2423 3495 machten,

1416 3497 1520 3561 vgl.
1546 3514 1590 3547 c.
1617 3497 1706 3558 46,
1733 3498 1790 3559 73
1827 3494 2033 3563 33,19,
2061 3498 2118 3559 63
2153 3498 2217 3549 ib.
2242 3497 2333 3558 35,
2360 3498 2420 3559 53

1416 3565 1501 3628 21,
1526 3565 1608 3627 52,
1635 3564 1693 3626 4;
1726 3564 1774 3624 4,
1800 3565 1892 3624 21,
1921 3564 1968 3614 3.
2001 3592 2071 3602 --·
2101 3567 2210 3616 iam
2240 3583 2319 3616 en.
2355 3570 2423 3628 et,

1419 3648 1462 3682 s.
1489 3650 1533 3682 c.
1553 3633 1635 3696 40,
1662 3634 1715 3681 5:
1742 3634 1824 3682 die
1846 3633 2051 3696 iibrigen
2076 3649 2245 3684 waren
2268 3635 2420 3684 sehon

1419 3701 1760 3763 versammelt,
1784 3702 1883 3750 und
1901 3701 2037 3764 jetzt
2058 3703 2182 3752 auch
2205 3719 2255 3752 u.
2276 3718 2317 3752 s.
2341 3717 2420 3762 xv„

1421 3772 1474 3817 et
1502 3768 1571 3818 ist
1601 3766 1692 3817 auf
1717 3768 1813 3819 den
1838 3766 2277 3833 Gesammtbegriff
2294 3785 2424 3835 quae

1418 3837 1692 3901 ——suerat
1707 3836 1945 3900 benogen,
1966 3838 2275 3901 gewtihnlich
2295 3837 2420 3886 wird

1420 3903 1469 3952 in
1496 3904 1684 3954 diesem
1701 3902 1843 3955 Falle
1866 3907 1927 3966 is,
1951 3906 2036 3955 ille
2052 3907 2418 3968 hinzugesetzt‚

1421 3986 1463 4022 s,
1487 3970 1545 4032 6,
1576 3972 1659 4034 19,
1685 3972 1742 4032 4;
1779 3973 1988 4036 45,15,
2013 3973 2070 4034 23
2110 3972 2211 4021 Cic.
2237 3971 2346 4022 Fin.
2370 3973 2421 4033 4,

1419 4039 1501 4107 23,
1512 4039 1577 4090 62
1590 4055 1604 4102 3
1632 4039 1781 4091 Tuse.
1795 4041 1844 4104 4,
1859 4040 1937 4105 53,
1954 4041 1980 4088 7
1987 4041 2093 4089 4.-
2109 4045 2421 4108 recepermaet,
