2861 4550
223 401 263 430 a.
285 389 368 431 Oh.
391 389 483 431 195.

848 386 1039 439 LIBER
1074 386 1317 439 XXXIV.
1365 385 1509 437 CAP.
1540 385 1617 436 13.
1648 386 1735 437 14.

2216 390 2334 453 281

224 561 338 604 nos
370 543 808 622 praefectosque
847 550 906 603 et
934 543 1157 622 equites
1190 542 1386 605 omnis
1417 549 1477 602 et
1505 539 1875 602 centuriones
1903 542 2092 605 iussit.
2147 549 2339 615 „tem-
2384 563 2413 611 5

225 632 384 707 pus“
412 627 602 708 inquit
631 628 830 707 „quod
854 646 1026 707 saepe
1057 627 1324 708 optastiS‚
1355 627 1528 699 venit,
1561 644 1676 705 quo
1699 626 1866 687 vobis
1888 634 2149 707 potestas
2166 628 2342 703 ,fieret

224 714 498 774 virtutem
527 722 779 775 vestram
808 713 1136 775 ostendere.
1189 712 1379 774 adhuc
1406 711 1770 791 praedonum
1801 711 1984 789 magis
2014 729 2187 791 quam
2216 713 2343 774 hel-

221 795 465 860 lantium
501 797 789 861 militastis
818 815 1012 860 more:
1042 816 1202 859 nunc
1235 797 1390 861 iusta
1427 815 1623 875 pugna
1659 797 1862 857 hostes
1893 815 2027 858 cum
2065 797 2340 860 hostibus
2383 812 2415 861 6

222 883 533 944 conferetis
558 902 816 945 manum.
862 901 986 944 non
1009 901 1182 962 agros
1203 883 1338 944 inde
1358 881 1647 961 populari,
1676 881 1779 943 sed
1802 880 2034 942 urbium
2062 898 2207 961 opes
2237 903 2339 947 ex-

222 967 457 1031 haurire
485 967 694 1031 licebit.
737 976 937 1048 patres
964 967 1182 1042 nostri,
1213 986 1348 1029 cum
1377 966 1657 1046 Hispania
1686 967 2244 1046 Carthaginiensium
2283 976 2340 1030 et
2383 982 2411 1029 7

220 1053 606 1133 imperatores
635 1053 715 1114 ibi
742 1061 800 1115 et
821 1052 1107 1116 exercitus
1137 1061 1352 1126 essent,
1381 1052 1497 1131 ipsi
1526 1052 1748 1112 nullum
1778 1052 1837 1112 in
1868 1071 1934 1113 ea
1962 1052 2206 1114 militem
2234 1054 2340 1115 ha-

220 1138 444 1212 berent,
476 1145 672 1199 tamen
694 1138 907 1201 addere
933 1139 1051 1200 hoc
1077 1138 1137 1198 in
1161 1138 1395 1199 foedere
1416 1136 1738 1210 voluerunt,
1768 1145 1836 1198 ut
1854 1137 2082 1216 imperii
2113 1138 2206 1198 sui
2233 1138 2340 1198 Hi-

218 1223 395 1286 berus
426 1223 640 1284 fluvius
668 1231 829 1284 esset
856 1223 1011 1285 finis.
1056 1240 1216 1284 nunc
1253 1241 1389 1283 cum
1428 1223 1545 1283 duo
1585 1230 1908 1300 praetoreS‚
1948 1241 2080 1283 cum
2113 1224 2336 1297 consul,
2381 1240 2412 1289 8

205 1326 357 1385 ,cum
370 1316 492 1370 tres
509 1309 795 1371 exercitus
807 1308 1061 1370 Romani
1076 1307 1418 1388 Hispaniam
1441 1307 1758 1381 obtineant,
1778 1306 2340 1386 Carthaginiensium

220 1393 422 1454 decem
451 1393 566 1455 iam
596 1412 784 1473 prope
812 1393 977 1455 annis
1000 1400 1176 1455 nemo
1207 1394 1269 1454 in
1298 1393 1391 1458 his
1412 1392 1728 1472 provinciis
1760 1392 1852 1465 sit,
1883 1393 2195 1472 imperium
2225 1411 2339 1455 no-

219 1478 312 1538 bis
343 1478 483 1539 citra
511 1478 792 1540 Hiberum
821 1479 1106 1540 amissum
1135 1486 1255 1550 est,
1310 1478 1426 1539 hoc
1466 1477 1644 1539 armis
1684 1485 1740 1538 et
1766 1478 1977 1538 virtute
2005 1478 2338 1558 reciperetis
2382 1495 2413 1545 9

223 1570 476 1641 oportet,
507 1570 567 1624 et
593 1563 888 1625 nationem
925 1563 1297 1625 rebellantem
1329 1563 1515 1640 magis
1549 1570 1762 1623 temere
1802 1581 1977 1641 quam
2007 1571 2343 1626 constanter

227 1647 538 1708 bellantem
566 1648 788 1726 iugum,
819 1666 935 1727 quo
958 1666 1023 1711 se
1044 1649 1215 1723 exuit,
1245 1647 1506 1727 accipere
1531 1666 1739 1709 rursus
1767 1648 2051 1725 cogatis-‘⁴
2094 1649 2156 1709 in
2185 1649 2342 1710 hunc
2385 1664 2448 1713 10

227 1733 473 1794 modum
496 1732 745 1795 maxime
764 1733 1104 1795 adhortatus
1126 1733 1468 1812 pronuntiat
1496 1751 1558 1793 se
1577 1741 1751 1795 noete
1773 1734 1845 1795 ad
1868 1740 2056 1796 castra
2078 1734 2340 1795 hostium

230 1819 563 1879 ducturum.
606 1818 686 1879 ita
712 1818 786 1880 ad
816 1837 1062 1898 corpora
1094 1819 1346 1880 curanda
1377 1818 1627 1879 dimissi.

397 1902 582 1964 Nocte
608 1904 828 1977 media,
868 1921 1000 1965 cum
1032 1903 1293 1983 auspicio
1326 1922 1565 1985 operam
1597 1904 1876 1977 dedisset,
1917 1906 2243 1983 profectuS,
2276 1912 2344 1965 ut
2367 1905 2443 1965 14

222 1988 418 2048 locum
450 2007 626 2068 quem
656 1988 843 2062 vellet,
879 1990 1217 2069 priusquam
1247 1989 1453 2051 hostes
1483 1988 1791 2063 sentirent,
1825 1997 2079 2069 caperet,
2110 1997 2343 2070 praeter

221 2079 415 2135 castra
468 2074 728 2135 hostium
783 2073 1164 2137 circumducit
1215 2083 1273 2136 et
1321 2075 1511 2156 prima
1567 2074 1698 2137 luce
1741 2074 1862 2136 acie
1902 2073 2185 2135 instructa
2228 2075 2339 2137 sub

218 2156 420 2239 ipsum
464 2159 679 2221 vallum
729 2167 849 2221 tres
902 2161 1178 2226 cohortes
1217 2160 1407 2223 mittit.
1475 2160 1754 2222 mirantes
1796 2159 2026 2222 barbari
2063 2159 2134 2221 ab
2173 2169 2338 2240 tergo
2382 2171 2412 2221 2

218 2415 310 2479 34,
336 2414 387 2466 8.
407 2417 661 2482 praefect.
688 2432 736 2466 n.
761 2419 1044 2480 sociorum,
1073 2431 1115 2466 s.
1140 2415 1224 2478 23,

219 2483 264 2543 7,
293 2483 474 2546 3310,
497 2483 578 2544 35,
606 2485 663 2545 53
689 2484 747 2547 8,
772 2483 863 2545 36,
889 2484 937 2534 6.
976 2510 1048 2520 -
1086 2486 1225 2549 equi-

215 2556 315 2615 tea,
342 2551 424 2600 die
449 2552 753 2617 romischen‚
789 2566 830 2601 s.
857 2567 902 2600 c.
928 2550 989 2601 31
1006 2588 1021 2615 ,
1049 2550 1107 2612 73
1143 2549 1227 2614 33,

215 2618 296 2684 43,
315 2618 376 2668 17
394 2634 409 2679 3
428 2619 538 2668 also
558 2618 674 2681 600,
693 2619 821 2669 dazu
843 2618 940 2668 150
959 2621 1083 2668 riim.
1096 2617 1230 2684 Cen-

213 2687 452 2738 turionen
490 2686 592 2735 und
626 2686 683 2749 je
729 2685 790 2736 12
833 2684 1087 2738 Tribunen
1127 2687 1227 2736 und

213 2752 503 2805 Priifocten.
551 2752 622 2802 Es
664 2754 734 2804 ist
761 2753 871 2804 also
904 2753 1019 2804 kein
1061 2755 1228 2805 consi-

214 2822 361 2884 linm,
396 2821 445 2871 in
470 2821 711 2871 welchem
734 2821 815 2871 die
839 2820 1062 2885 Legaten
1088 2823 1225 2873 nicht

213 2890 384 2940 fehlen
408 2889 633 2953 wiinden,
662 2890 876 2941 sondern
900 2890 1014 2941 eine
1040 2892 1223 2954 contio,

215 2973 312 3010 nur
335 2956 474 3009 nicht
498 2972 592 3008 von
626 2957 759 3007 allen
785 2957 1051 3020 Soldaten3
1086 2959 1223 3009 viell.

213 3040 326 3076 war
350 3025 398 3075 in
423 3027 516 3075 der
540 3024 718 3090 Quelle
735 3024 825 3075 L’s
849 3025 930 3076 die
948 3025 1108 3077 Stelle
1132 3041 1223 3077 aus

214 3094 309 3143 der
325 3109 425 3146 von
436 3092 575 3144 Fest.
589 3109 637 3158 p.
651 3092 745 3143 201
764 3108 779 3154 3
801 3092 932 3145 Gen.
950 3092 1025 3156 16,
1044 3094 1087 3153 1,
1100 3093 1131 3143 3
1142 3109 1226 3144 er-·

213 3162 450 3211 wiihnten
467 3159 605 3211 Rede
623 3160 775 3212 Catos
793 3162 1045 3213 entlehnt:
1070 3178 1225 3228 quam

214 3228 358 3280 dimit
388 3226 698 3280 Numantiae
735 3230 876 3299 apud
906 3232 1123 3295 equites,
1173 3230 1223 3281 in

213 3296 438 3346 welcher
460 3296 702 3347 derselbe
721 3299 802 3349 die
822 3297 993 3351 Ritter
1016 3299 1228 3350 zurecht

214 3365 384 3427 weist,
409 3363 736 3417 s.Mommsen
760 3366 929 3430 1,766,
951 3367 1055 3431 vgl.
1066 3363 1125 3417 L.
1137 3365 1221 3429 22,

218 3432 299 3495 14,
317 3432 455 3482 15.-
472 3449 626 3501 saepe
643 3438 763 3501 opt„
781 3435 857 3485 sie
877 3436 986 3485 sind
1004 3436 1095 3486 mit
1111 3435 1222 3485 dem

212 3499 499 3551 Verfahren
525 3502 614 3552 des
638 3501 852 3553 Consuls
876 3504 1011 3555 nicht
1032 3503 1222 3554 zufrie·

212 3569 310 3618 den
341 3583 595 3633 gewesen.
625 3596 697 3607 -·
727 3570 1015 3636 ostendere,
1059 3587 1101 3622 s.
1139 3570 1221 3631 22,

214 3635 303 3698 57,
332 3637 413 3688 12.
434 3664 506 3676 —-
527 3639 723 3703 confer.
748 3653 845 3701 m.,
881 3638 937 3701 9,
962 3639 1221 3702 5,10.-—

214 3703 447 3770 escham„
472 3705 556 3769 31,
580 3705 743 3769 38,1;
775 3705 852 3769 10,
878 3706 960 3769 44,
989 3706 1035 3756 1.

282 3774 483 3825 7-·’10.
529 3772 959 3840 Οανίήαὲτὴὶαιι,
993 3775 1122 3824 datu
1154 3775 1223 3825 ist

215 3845 353 3892 esset
381 3857 471 3893 nus
506 3846 680 3894 essent
707 3842 757 3891 in
789 3841 1221 3894 andererBedeu-

216 3911 339 3969 tang
360 3923 426 3959 zu
448 3911 659 3961 nehmen
681 3911 761 3960 als
783 3910 951 3959 dieses
976 3925 1040 3960 zu
1061 3912 1222 3978 impe-

215 3977 317 4023 rat.
349 3977 544 4038 gehon.
575 4006 645 4015 ——
673 3978 871 4030 nullum
892 4004 962 4015 —
981 3977 1088 4028 mil.
1111 3985 1222 4028 ent-

217 4041 407 4107 spu-ioht
430 4043 672 4113 Βαγώας.
692 4078 740 4088 -
760 4062 927 4114 nemo,
952 4046 1049 4098 wie
1066 4062 1222 4119 praef

1334 2418 1435 2465 tor.
1458 2439 1527 2450 —-
1550 2416 1764 2465 exercit.
1787 2414 1901 2466 dem
1919 2416 2220 2478 vorhergeh.
2243 2419 2340 2466 im·

1329 2486 1601 2549 perator-es
1625 2487 1678 2533 et
1699 2499 1812 2543 ατη·
1844 2483 1998 2535 daher
2019 2482 2090 2533 ist
2111 2483 2223 2534 eine
2253 2499 2343 2534 an-

1334 2551 1456 2600 dere
1488 2549 1695 2601 Lesart=
1734 2550 1930 2602 nullum
1961 2553 2340 2619 imperatorem,

1332 2618 1500 2670 nullos
1532 2644 1593 2655 ·—
1629 2619 1815 2669 milites
1846 2619 2074 2682 weniger
2106 2635 2171 2668 zu
2209 2619 2344 2670 billi-

1334 2702 1449 2750 gen.
1470 2718 1515 2726 —
1531 2686 1749 2751 foedere
1765 2718 1812 2727 --
1827 2686 2033 2751 Hib.fl.‚
2062 2701 2103 2735 s,
2125 2685 2208 2747 21,
2233 2687 2340 2747 2f.;

1333 2753 1582 2820 Μαΐῳ-3,
1620 2755 1672 2815 1,
1708 2754 1789 2808 80.
1819 2782 1886 2790 -
1910 2754 2011 2805 duo
2070 2757 2220 2815 raet„
2258 2751 2339 2812 33,

1331 2822 1415 2873 43.
1436 2850 1503 2860 -
1522 2823 1692 2874 decem
1715 2839 1817 2884 an„
1843 2822 1908 2871 im
1925 2820 2033 2872 Ver
2051 2820 2144 2870 auf
2158 2834 2256 2870 von
2274 2847 2331 2860 -—-

1330 2891 1482 2955 nicht,
1505 2893 1650 2942 oder:
1679 2891 1776 2941 seit
1791 2916 1860 2927 —-
1879 2889 2040 2949 nicht3
2069 2887 2169 2938 Cic.
2189 2888 2339 2940 Verr.

1330 2957 1381 3022 2,
1409 2959 1457 3020 1,
1483 2960 1537 3008 7:
1562 2974 1670 3010 una
1690 2959 1835 3022 hora,
1862 2973 1962 3023 qua
1985 2956 2150 3007 dicero
2173 2973 2232 3007 eo
2307 2960 2342 3016 ⁸,-

1330 3025 1383 3075 S.
1411 3024 1561 3078 Rosc.
1582 3027 1663 3086 27,
1691 3026 1772 3077 74.
1792 3053 1862 3064 -
1879 3028 2124 3093 provinc„
2149 2973 2339 3088 32⁶3&

1335 3092 1414 3143 11.
1448 3121 1517 3131 -
1562 3096 1814 3157 manime,
1864 3094 1919 3157 7,
1955 3092 2047 3154 30,
2078 3092 2123 3142 1.
2160 3120 2228 3132 -··
2273 3093 2344 3144 ad

1330 3165 1457 3211 cast.
1490 3163 1566 3226 Ιι.,
1608 3162 1689 3213 die
1720 3164 1830 3213 also
1861 3161 2054 3211 wieder
2091 3161 2342 3225 vereinigt

1330 3230 1459 3292 sind,
1482 3230 1584 3294 vgl.
1611 3229 1645 3295 ξ
1671 3229 1718 3281 3.

1399 3289 1504 3348 14.
1552 3298 1715 3348 1-4,
1759 3303 1908 3350 nocte
1947 3305 2074 3361 etc.,
2115 3298 2212 3347 wie
2258 3297 2336 3358 10,

1328 3364 1411 3429 40,
1424 3364 1473 3427 2,
1497 3367 1600 3429 vgl.
1627 3367 1675 3431 8,
1702 3366 1785 3431 23,
1814 3367 1888 3417 15.
1908 3393 1978 3403 —
1997 3380 2205 3434 operam
2226 3365 2339 3418 ded.

1327 3434 1426 3484 wie
1454 3433 1543 3498 10,
1578 3433 1670 3498 39,
1706 3434 1761 3484 22
1798 3437 2026 3503 operm-i,
2052 3448 2167 3483 vom
2192 3432 2337 3483 Voll-

1330 3503 1507 3552 ziehen
1558 3503 1827 3566 religioser
1866 3501 2245 3566 Ceremonieen,
2295 3519 2337 3552 s.

1329 3569 1434 3619 Cio.
1458 3570 1570 3620 Div.
1602 3569 1654 3633 1,
1681 3569 1771 3635 48,
1801 3569 1923 3632 107,
1946 3568 2050 3632 vgl.
2076 3567 2267 3620 Charis.
2295 3570 2338 3620 ΙΙ

1326 3653 1375 3704 p.
1401 3637 1525 3687 214:
1563 3637 1635 3688 M.
1662 3637 1786 3688 Cato
1809 3637 1936 3689 dior.
1961 3637 2079 3688 dict.
2108 3637 2172 3688 de
2197 3654 2335 3689 cons.

1327 3719 1423 3755 suo
1464 3709 1719 3767 „nostros
1757 3721 1890 3774 pone
1929 3721 2111 3757 versus
2142 3706 2336 3757 hostois

1326 3787 1444 3822 esse
1482 3788 1516 3822 a
1553 3772 1742 3824 deoetra
1776 3778 1943 3842 parte.
1957 3773 1988 3802 ‘⁴
2045 3776 2170 3824 item
2200 3774 2332 3823 idem

1326 3843 1633 3907 „postquam
1664 3845 1926 3911 auspicavi
1953 3847 2107 3908 atque
2139 3843 2338 3890 emeret·-

1328 3913 1439 3960 tum
1462 3907 1665 3961 adduxti
1678 3926 1813 3979 pone
1832 3926 2016 3962 versus
2039 3912 2212 3959 castra
2242 3908 2333 3957 lto-

1327 3979 1551 4028 sto’um.“
1571 4005 1639 4016 —
1660 3979 1836 4030 hostes
1860 3979 1983 4030 nach
2007 3992 2051 4025 c.
2080 3974 2168 4035 16,
2197 3974 2231 4023 4
2255 3975 2334 4026 die

1327 4046 1579 4098 zwischen
1638 4046 1901 4113 Emporiae
1958 4044 2060 4094 und
2111 4042 2334 4094 Tarraco
