2861 4550
1144 368 1337 424 LIBER
1361 366 1582 420 XXXII.
1648 367 1789 420 CAP.
1815 366 1900 417 34.
1926 366 2008 418 35.
2379 390 2419 419 a.
2439 379 2523 420 Oh.
2544 379 2653 423 55⁷:

460 393 469 406 *
520 377 643 440 164

441 542 473 591 6
514 530 680 591 Cium
725 526 1074 607 expugnavi,
1117 524 1216 585 sed
1247 521 1520 584 Prusiam
1560 522 1786 583 socium
1828 529 1886 582 et
1914 520 2165 584 amicum
2200 527 2650 600 oppugnantem

501 612 734 688 adiuvi3
767 619 823 673 et
851 610 1276 691 Lysimachiam
1305 608 1377 670 ab
1402 606 2062 678 Thracibus'vindicavL
2094 611 2180 680 et,
2220 604 2351 684 quia
2391 623 2486 665 me
2528 622 2652 666 ne—

516 699 755 761 cessitas
787 698 858 758 ad
888 698 1004 757 hoc
1030 695 1244 757 bellum
1274 713 1307 754 a
1331 692 1596 755 custodia
1619 693 1747 753 eius
1771 692 1990 766 avertit,
2024 692 2282 752 Thraces
2304 689 2537 750 hahent.
2584 698 2651 751 et

444 800 470 846 7
513 784 735 846 Aetolis
760 783 917 844 haec.
964 782 1149 843 Attalo
1175 787 1368 841 autem
1391 779 1753 857 Rhodiisque
1775 777 1917 839 nihil
1940 777 2067 839 iure
2089 776 2301 838 debeo:
2332 792 2454 837 uon
2478 774 2646 836 enim

401 882 411 893 ·
443 883 472 933 8
515 890 546 932 a
576 889 672 931 me
698 869 801 930 sed
832 867 905 929 ab
934 867 1044 927 illis
1076 864 1430 946 principium
1461 863 1592 925 belli
1625 871 1961 925 ortumest.
2006 862 2414 926 Romanorum
2442 868 2646 922 autem

514 956 761 1016 honoris
815 970 990 1024 causa
1027 952 1285 1013 Peraean
1324 949 1570 1011 Rhodiis
1624 958 1682 1010 et
1727 966 1901 1009 naves
1949 947 2140 1009 Attalo
2189 955 2323 1008 cum
2376 945 2646 1026 captivis,

441 1055 471 1102 9
517 1040 615 1120 qui
646 1039 1090 1118 comparebunt,
1118 1037 1424 1097 restituam
1434 1053 1454 1107 ‚·
1475 1052 1613 1095 nam
1639 1035 1795 1115 quod
1821 1034 1889 1095 ad
1915 1032 2336 1114 Nicephorium
2360 1031 2644 1093 Veneris-

519 1145 631 1205 que
669 1124 870 1203 templi
911 1122 1338 1183 restitutionem
1378 1121 1609 1193 attinet,
1651 1119 1787 1199 quid
1826 1118 2055 1180 restitui
2094 1138 2161 1179 ea
2210 1113 2645 1197 postulantibus

422 1227 479 1277 10
521 1210 934 1290 respondeam,
967 1207 1099 1281 nisi,
1131 1226 1246 1287 quo
1278 1224 1399 1268 uno
1422 1206 1604 1268 modo
1630 1205 1804 1266 silvae
1823 1204 2053 1282 lucique
2076 1205 2224 1265 caesi
2246 1201 2473 1264 restitui
2494 1220 2647 1282 pos-

520 1302 687 1369 sunt,
742 1312 941 1355 curam
979 1293 1425 1372 impensamque
1465 1291 1708 1353 sationis
1738 1309 1836 1351 me
1866 1297 2323 1369 praestaturum3
2360 1287 2674 1367 quoniam‘

419 1392 469 1441 11
519 1382 665 1442 haec
694 1380 846 1440 inter
876 1398 939 1439 se
969 1393 1139 1457 reges
1166 1379 1465 1457 postulare
1487 1385 1552 1438 et·
1565 1377 1928 1455 respondere
1948 1376 2193 1454 placet.“‘
2235 1381 2494 1437 extrema
2513 1373 2644 1445 eius

522 1465 709 1527 oratio
742 1466 1020 1525 adversus
1052 1464 1325 1526 Achaeos·
1347 1462 1483 1533 suit,
1514 1463 1572 1523 in
1603 1481 1717 1541 qua
1749 1479 1923 1523 orsus
1954 1460 2024 1522 ab
2052 1459 2331 1538 Antigoni
2347 1459 2646 1539 primum,

482 1574 487 1594 2
520 1552 643 1611 suis
676 1549 884 1611 deinde
913 1567 1046 1628 erga
1078 1557 1311 1628 gentem
1343 1567 1471 1610 eam
1501 1548 1744 1623 meritis,
1772 1545 2000 1608 recitari
2032 1546 2262 1607 decreta
2284 1561 2489 1606 eorum
2514 1545 2644 1605 ius-

416 1647 473 1696 12
521 1636 594 1697 sit
622 1635 819 1696 omnis
852 1634 1080 1697 divinos
1112 1635 1523 1712 humanosque
1552 1633 1811 1694 honores
1843 1631 2173 1711 complexa,
2214 1640 2385 1710 atque
2414 1629 2498 1692 eis
2531 1630 2642 1691 ob-

518 1721 649 1782 iecit
676 1739 881 1782 recens
914 1719 1231 1794 decretum,
1262 1739 1379 1799 quo
1411 1719 1483 1779 ab
1515 1737 1578 1779 se
1608 1717 2020 1798 descivissent3
2049 1717 2430 1796 invectusque
2452 1715 2644 1794 gravi,-

416 1818 475 1867 13
520 1815 610 1867 ter
640 1806 714 1867 in⁴
733 1805 1038 1886 perfidiam
1069 1823 1299 1877 eorum,
1331 1806 1520 1882 Argos
1550 1810 1746 1865 tamen
1777 1823 1841 1864 se
1871 1803 1944 1864 iis
1973 1802 2341 1863 redditurum
2371 1800 2543 1876 dixit3
2574 1802 2647 1862 de

517 1891 800 1953 Corintho
837 1910 971 1952 cum
1001 1890 1357 1969 imperatore
1385 1890 1651 1950 Romano
1685 1887 2136 1950 deliberaturum
2167 1906 2315 1962 esse,
2343 1886 2638 1966 quaesitu-

516 1983 767 2056 rumque
797 1975 874 2037 ab
898 1995 966 2036 eo
1000 1975 1191 2048 simul,
1225 1983 1418 2036 utrum
1446 1973 1594 2035 iisne
1616 1974 1858 2035 urbibus
1875 1974 2162 2035 'decedere
2181 1992 2248 2034 se
2272 1991 2478 2034 aecum
2500 1989 2644 2033 cen-

519 2070 669 2135 seat,
703 2079 851 2140 quas
879 2059 951 2122 ab
983 2079 1049 2127 se
1077 2062 1210 2140 ipso
1245 2069 1444 2138 captas
1468 2059 1601 2124 'iure
1630 2060 1761 2121 belli
1792 2059 2014 2134 habeat,
2042 2077 2118 2119 an
2147 2058 2222 2119 iis
2253 2059 2453 2132 etiam,
2491 2076 2641 2137 quas

521 2167 553 2209 a
584 2145 909 2222 maioribus
940 2145 1065 2206 suis
1095 2144 1436 2224 accepisset.

412 2231 494 2293 35
694 2231 1040 2293 Parentibus
1069 2230 1315 2292 Achaeis
1343 2230 1680 2310 Aetolisque
1710 2230 1779 2290 ad
1812 2226 1878 2292 ea
1907 2230 2266 2311 respondere
2287 2247 2425 2291 cum
2458 2243 2646 2309 prope
2725 2247 2732 2248 ’

520 2336 792 2379 occasum
833 2318 923 2377 sol
954 2325 1139 2402 esset,
1181 2317 1352 2378 dilato
1393 2316 1454 2377 in
1484 2325 1800 2396 posterum,
1827 2316 1982 2377 diem
2011 2315 2316 2397 colloquio,
2338 2312 2642 2394 Philippus

518 2460 629 2510 hier
651 2460 777 2510 auch
800 2458 896 2510 sed
916 2460 1116 2511 stehen:
1150 2460 1250 2508 und
1275 2475 1332 2509 so
1368 2459 1439 2509 ist
1469 2473 1525 2507 es

1635 2473 1734 2509 von
1787 2458 1946 2508 einem
1989 2457 2195 2523 Tempel
2245 2459 2313 2521 ist
2353 2457 2433 2516 bei
2479 2457 2537 2507 L.
2580 2456 2641 2506 im

519 2529 835 2591 gekommen,
873 2528 989 2578 dass
1015 2527 1151 2591 jetzt
1184 2528 1260 2577 die
1294 2525 1529 2576 Thraker

1634 2525 1777 2589 Folg.
1799 2526 1932 2577 nicht
1950 2526 2028 2576 die
2047 2524 2202 2576 Rede.
2221 2554 2291 2564 -—
2308 2526 2462 2576 silvae
2482 2525 2644 2590 Μαίᾳ,

522 2614 568 2646 u.
587 2612 628 2645 S.
652 2611 744 2657 W.;
773 2596 852 2645 ihr
873 2595 993 2646 habt
1015 2596 1094 2644 die
1113 2595 1262 2645 stadt
1283 2595 1420 2645 nicht
1441 2609 1529 2657 ge-

522 2665 738 2714 schiitzt.
772 2693 840 2701 -
872 2664 1142 2725 Prusiam,
1180 2679 1279 2713 von
1313 2664 1425 2714 dem
1445 2663 1529 2715 die

521 2734 669 2783 stadt
692 2733 815 2782 nach
843 2731 969 2782 Phil.
993 2732 1335 2797 Behauptung,
1371 2747 1412 2781 s,
1437 2731 1529 2781 da·
1574 2784 1580 2790 ,

521 2816 677 2864 geg-en
702 2800 875 2868 Polyb.
894 2800 971 2861 15,
993 2799 1073 2861 21,
1096 2799 1375 2863 abgefallen
1397 2814 1529 2860 war3

522 2870 647 2920 iiber
665 2869 870 2919 Prusias
893 2885 932 2918 S.
954 2868 1037 2931 29,
1069 2867 1146 2918 12.
1164 2897 1232 2905 -
1257 2869 1320 2918 ab
1346 2865 1528 2918 Thrac.

521 2954 564 2987 s.
591 2937 672 2999 33,
700 2936 781 2998 38,
813 2938 889 2986 10.

590 3005 790 3055 7-10,
826 3022 926 3056 non
953 3008 1085 3055 enim
1109 3011 1225 3065 etc„
1256 3004 1530 3067 alierdings

522 3076 692 3124 hatten
721 3074 914 3139 sigden
939 3072 1099 3136 Krieg
1131 3073 1417 3136 begonnen,
1442 3072 1533 3122 al-

524 3141 621 3189 lein
648 3148 758 3190 erst
781 3142 857 3190 als
878 3142 995 3190 kein
1015 3140 1228 3191 Zweifel
1246 3142 1387 3190 mehr
1405 3155 1529 3203 war,

522 3209 639 3257 dass
665 3207 792 3257 Phil.
821 3208 934 3257 eine
961 3208 1345 3258 Seeherrschal‘t
1372 3208 1531 3271 griin-

522 3277 616 3324 den
655 3275 831 3335 wolle‚
868 3276 1062 3325 welche
1097 3276 1188 3324 den
1216 3276 1407 3326 Haudel
1442 3276 1532 3325 der

523 3344 741 3393 llhodier
763 3343 1050 3393 vernichtet
1074 3343 1227 3392 haben
1255 3344 1454 3409 wiirde,
1488 3358 1529 3394 s,

524 3428 566 3460 c.
592 3410 681 3473 33,
709 3412 765 3472 73
804 3411 1075 3460 Mommsen
1122 3411 1175 3473 1,
1211 3410 1326 3462 673.
1351 3439 1419 3447 —
1443 3412 1533 3462 Ιιο-

523 3481 669 3529 noris
710 3495 779 3539 c.‚
832 3494 913 3528 um
954 3479 1101 3528 ihnen
1151 3479 1293 3528 einen
1338 3479 1531 3528 Beweis

525 3548 691 3596 seiner
717 3548 947 3610 Achtung
969 3563 1035 3596 zu
1066 3547 1251 3610 geben,
1287 3558 1327 3598 s‘.
1353 3547 1409 3607 8,
1453 3547 1539 3609 14,

529 3615 618 3677 1ος
647 3615 820 3681 Polyb.
849 3615 954 3667 σοῦ
979 3609 1310 3680 κελεύοντος.
1336 3645 1403 3653 -
1427 3615 1532 3666 Pe-

524 3699 695 3740 raean,
724 3699 766 3733 s,
786 3682 869 3742 44,
898 3683 946 3746 7,
975 3683 1059 3733 12:
1081 3682 1286 3745 Philam
1312 3684 1378 3735 ib.
1405 3683 1453 3743 8,
1484 3684 1527 3746 1,

524 3752 625 3814 vgl.
663 3751 753 3810 31,
789 3751 879 3814 40,
912 3750 961 3801 8.
986 3778 1054 3788 —
1084 3769 1204 3802 nam
1238 3753 1373 3818 quod
1404 3760 1528 3802 etc.:

527 3821 665 3870 mehr
688 3819 819 3869 kann
852 3820 929 3870 ich
963 3821 1100 3870 nicht
1130 3822 1276 3882 thun,
1315 3823 1442 3873 (leun
1477 3836 1528 3869 u.

529 3905 569 3938 S.
595 3904 657 3938 w.
685 3917 747 3924 ·—
774 3888 964 3940 Vener.
991 3888 1176 3956 templ„
1202 3888 1400 3955 Polyb.:
1428 3888 1530 3938 τοῦ

525 3956 620 4022 τῆς
662 3951 997 4026 Ἀφροδίτης
1034 3956 1297 4024 τεμένους
1340 3959 1531 4018 (κατα-

524 4019 793 4092 φθοράν),
814 4024 1094 4075 Schiimann
1122 4039 1196 4087 gr.
1218 4024 1317 4074 Alt.
1339 4024 1386 4085 2,
1417 4023 1530 4087 173,

1639 2610 1681 2644 S.
1702 2593 1784 2655 24,
1806 2592 1853 2654 3,
1876 2594 1925 2644 4.
1946 2623 2001 2630 —
2027 2596 2262 2654 sationis,
2282 2594 2380 2659 wie
2400 2609 2512 2643 man
2532 2601 2643 2655 sagt

1635 2664 1849 2714 arbores
1872 2678 2074 2733 serere5
2099 2662 2278 2729 Polyb.
2297 2658 2448 2731 φυτὰ
2470 2658 2533 2712 δὲ
2552 2662 2643 2711 καὶ

1636 2724 1957 2848 Ξτῖπῖοὲρὲὺς
1980 2732 2211 2799 πέμψω.
2232 2758 2301 2767 --
2319 2733 2572 2797 quoniam,
2597 2746 2639 2779 s.

1707 2838 1721 2861 ν
1814 2835 1829 2858 >
1893 2836 1905 2848 ·

1710 2865 1959 2916 11—13.2
1986 2869 2263 2932 Antigoni,
2298 2882 2341 2916 S.
2366 2882 2409 2917 c.
2433 2865 2525 2929 22,
2563 2865 2638 2916 10.

1637 2963 1704 2971 —
1745 2936 1856 2984 suis
1903 2935 1966 2984 im
2013 2934 2459 2997 Bundesgenossen
2474 2963 2492 2972 ·
2545 2936 2640 2983 und

1638 3009 1812 3052 ersten
1848 3003 2127 3061 romischen
2160 3000 2370 3067 Rriege‚
2405 3019 2448 3052 s.
2482 3019 2528 3052 c.
2560 3001 2640 3065 22,

1640 3068 1732 3119 811ἱ
1757 3070 1825 3131 ÷
1855 3074 1982 3132 suia,
2017 3072 2145 3121 dazu
2176 3071 2247 3120 ist
2269 3086 2360 3121 aus
2386 3072 2553 3121 oratio
2577 3096 2644 3107 —

1641 3152 1793 3190 orsus
1813 3154 1877 3187 zu
1900 3140 2105 3189 nehmen
2139 3139 2339 3190 locutus
2373 3139 2454 3191 de.
2477 3166 2546 3176 —
2570 3139 2643 3188 de·-

1639 3209 1785 3257 vinos
1817 3207 1920 3270 vgl.
1948 3224 1989 3257 e.
2017 3207 2075 3269 53
2111 3205 2195 3257 25.
2218 3232 2286 3245 -·—
2313 3209 2491 3263 obiecit
2522 3206 2643 3257 hielt

1642 3276 1788 3324 ihnen
1808 3275 1933 3325 «lanu
1954 3291 2068 3335 vor,
2096 3276 2263 3339 zeigte
2283 3276 2373 3325 wie
2394 3276 2643 3325 schmach-

1641 3343 1747 3393 voll
1772 3358 1827 3392 es
1854 3344 1954 3404 sei3
1983 3344 2182 3395 Andere
2203 3344 2346 3394 lesen
2364 3346 2439 3394 eis
2457 3343 2643 3405 <decre-
2721 3366 2732 3373 ·

1640 3414 1733 3473 tis)
1771 3411 1983 3475 adiece‘t;
2027 3411 2202 3478 Polyb.
2237 3411 2553 3463 τελευταῖον
2583 3404 2639 3461 δ’

1639 3474 1853 3547 ἀνέγνω
1887 3477 1949 3530 τὸ
1985 3479 2116 3544 περὶ
2146 3481 2242 3545 τῆς
2279 3474 2643 3534 ἀποστάσεως

1640 3543 1930 3617 ψήφισμα.
1963 3577 2031 3584 -
2058 3562 2157 3613 quo
2190 3548 2502 3598 vermittelst
2530 3548 2642 3598 des·

1638 3632 1745 3678 sen,
1772 3616 1871 3679 vgl.
1900 3632 1942 3666 c.
1964 3614 2047 3678 23,
2074 3616 2120 3664 8.
2145 3643 2214 3651 —
2236 3618 2453 3682 quaesit.
2475 3644 2546 3653 —
2563 3632 2645 3667 ac-

1636 3687 1851 3750 cepisset
1886 3685 1969 3734 hat
1994 3683 2049 3733 L.
2076 3683 2400 3735 abweiehend
2422 3701 2522 3735 von
2548 3682 2641 3734 Po-

1636 3751 1739 3818 lyb.
1755 3768 1798 3801 c.
1813 3752 1858 3812 7,
1873 3753 1977 3814 vgl.
1991 3768 2033 3801 c.
2050 3751 2127 3816 10,
2138 3767 2206 3803 an
2217 3753 2305 3803 das
2317 3754 2476 3803 letzte
2496 3768 2645 3815 unge-

1637 3819 1843 3885 kniipst,
1877 3821 1939 3870 du
1962 3821 2129 3870 dieser
2151 3819 2321 3871 Punkt
2343 3821 2423 3871 die
2448 3819 2644 3871 Acbiior

1638 3887 1775 3938 nicht
1791 3888 2046 3943 beriihrte.
2065 3914 2132 3925 —
2149 3893 2328 3940 alvum
2344 3916 2414 3928 —-
2429 3891 2582 3952 iisne,
2599 3905 2640 3938 ε.

1640 3954 1739 4006 Cic.
1769 3955 1920 4007 Tusc.
1945 3957 1995 4018 4,
2022 3956 2103 4019 27,
2130 3956 2222 4020 593
2250 3956 2309 4008 Z.
2333 3956 2368 4023 ξ
2391 3957 2510 4008 352.

1708 4013 1815 4075 35.
1876 4024 2038 4074 1—2.
2073 4048 2143 4063 ·-
2174 4027 2228 4075 in
2268 4030 2487 4094 poster„
2530 4027 2643 4075 dass
