2861 4550
469 383 592 445 268
1124 380 1315 432 LIBER
1350 370 1593 433 xxxlv.
1642 379 1788 432 CAP.
1815 381 1862 432 5.
1890 381 1939 432 6.

2364 408 2407 439 a.
2427 408 2472 438 u.
2493 396 2595 438 559.

406 606 411 615 Ι
466 554 706 597 scorum
739 544 923 598 castra
953 537 1025 597 ad
1059 535 1326 616 quintum
1357 535 1608 617 lapidem
1637 534 2005 616 posuissent,
2042 553 2249 598 nonne
2272 536 2601 617 idagmen,

469 641 585 702 quo
620 621 828 684 obruta
855 622 1001 683 haec
1023 622 1163 684 urbs
1188 629 1359 695 esset,
1388 629 1690 683 matronae
1712 619 2085 683 averterunt?
2115 623 2231 684 iam
2255 623 2401 684 urbe
2423 631 2596 704 capta

468 707 702 781 aGalliS,
718 710 962 785 [aurum]
979 725 1095 787 quo
1120 708 1421 787 redempta
1444 706 1586 769 urbs
1610 705 1745 769 est?
1774 725 1986 786 nempe
2008 718 2311 769 matronae
2334 726 2599 770 consen-

368 809 427 858 10
471 812 543 854 su
574 793 839 854 omnium
869 793 931 854 in
963 792 1257 873 publicum
1290 793 1679 855 contulerunt.
1725 792 1998 872 proximo
2027 793 2206 867 bello,
2244 810 2320 854 ne
2358 793 2599 873 antiqua

470 885 761 958 repetam,
802 895 1003 940 nonne
1043 886 1103 939 et
1140 897 1273 940 cum
1312 878 1558 957 pecunia
1600 897 1754 957 opus
1792 879 1928 952 fuit,
1962 878 2268 940 viduarum
2314 879 2602 958 pecuniae

468 963 811 1025 adiuverunt
840 963 1154 1037 aerarium,
1194 970 1252 1024 et
1281 981 1412 1025 cum
1446 963 1526 1025 dii
1557 981 1792 1043 quoque
1821 963 1959 1025 novi
1988 963 2060 1025 ad
2091 982 2267 1044 opem
2289 964 2596 1026 ferendam

466 1049 673 1110 dubiis*
689 1049 869 1110 rebus
899 1056 1358 1122 accerserentur,
1398 1055 1702 1110 matronae
1739 1048 2043 1111 universae
2082 1050 2153 1110 ad
2184 1068 2349 1110 mare
2391 1051 2599 1129 profe-

362 1151 416 1201 11
469 1143 594 1196 ctae
616 1141 756 1196 sunt
775 1134 846 1195 ad
871 1141 1119 1195 matrem
1142 1133 1371 1195 Idaeam
1395 1131 1839 1214 accipiendam?
1872 1134 2203 1209 dissimiles,
2220 1134 2600 1215 inquis»,eau-

469 1239 568 1281 sae
598 1228 753 1280 sunt.
821 1236 931 1279 nec
958 1219 1103 1280 mihi
1133 1237 1339 1281 causas
1370 1236 1617 1298 aequare
1638 1219 2013 1298 propositum
2036 1228 2152 1296 est3
2180 1220 2327 1281 nihil
2346 1221 2484 1282 novi
2508 1222 2598 1282 fa-

366 1316 430 1364 12
468 1314 626 1365 ctum
656 1322 908 1383 purgare
938 1303 1078 1366 satis
1110 1313 1217 1367 est.
1272 1313 1529 1366 ceterum
1561 1305 1720 1385 quod
1749 1305 1811 1365 in
1840 1304 2018 1366 rebus
2049 1306 2121 1366 ad
2153 1306 2351 1368 omnis
2379 1306 2602 1386 pariter

467 1390 624 1449 viros
651 1389 894 1450 feminas
918 1389 1349 1469 pertinentibus
1371 1389 1581 1452 fecisse
1604 1409 1703 1451 eas
1726 1408 1905 1451 nemo
1925 1390 2169 1453 miratus
2192 1399 2300 1465 est,
2329 1391 2390 1454 in
2420 1410 2600 1454 causa

367 1487 425 1536 13
464 1472 705 1554 proprie
724 1474 796 1536 ad
818 1475 977 1555 ipsas
998 1475 1322 1554 pertinente
1340 1475 1631 1537 miramur
1643 1474 1893 1537 fecisse?
1919 1476 2057 1555 quid
2078 1484 2269 1538 autem
2290 1474 2597 1538 fecerunt?

465 1561 767 1641 superbaS‚
781 1579 877 1622 me
900 1561 1031 1623 dius
1053 1562 1244 1635 fidius,
1267 1579 1437 1622 aures
1459 1561 1763 1636 habemuS,
1789 1561 1858 1636 si,
1880 1579 2014 1625 cum
2037 1561 2262 1622 domini
2283 1581 2597 1625 servorum

463 1664 586 1706 non
602 1645 904 1708 fastidiant
925 1665 1274 1726 prece5‚nos
1297 1646 1494 1725 rogari
1516 1646 1588 1707 ab
1611 1647 1880 1708 honestis
1904 1646 2136 1709 feminis
2159 1647 2596 1727 indignamur.“

411 1735 426 1750 ⁸
637 1731 857 1805 „Venio
889 1750 1049 1794 nunc
1076 1733 1150 1794 ad
1177 1732 1270 1805 id,
1312 1730 1385 1792 de
1414 1751 1532 1811 quo
1563 1732 1770 1810 agitur.
1825 1732 1886 1793 in
1924 1751 2043 1812 quo
2084 1733 2296 1812 duplex
2333 1732 2593 1794 consulis

465 1817 649 1878 oratio
677 1817 816 1879 fuit:
846 1835 986 1878 nam
1018 1826 1075 1878 et
1101 1818 1289 1896 legem
1317 1817 1495 1879 ullam
1527 1817 1770 1878 omnino
1803 1816 2072 1896 abrogari
2110 1826 2202 1878 est
2238 1817 2595 1897 indignatus,

388 1912 420 1962 2
463 1909 519 1963 et
541 1921 670 1964 eam
692 1901 1003 1985 praecipue
1024 1903 1230 1981 legem,
1261 1921 1410 1982 quae
1432 1903 1690 1964 luxuriae
1712 1902 2009 1964 muliebris
2031 1902 2386 1965 coercendae
2416 1922 2596 1965 causa

463 1987 574 2048 lata
604 1995 778 2059 esset,
812 1994 868 2049 et
897 1987 990 2049 illa
1022 1988 1357 2051 communis
1388 2006 1498 2067 pro
1528 1987 1750 2066 legibus
1774 1988 1898 2050 visa
1922 1987 2248 2050 consularis
2274 1988 2460 2049 oratio
2485 1997 2593 2062 est,

393 2087 423 2135 3
467 2079 524 2132 et
550 2072 695 2132 haec
723 2072 1001 2133 adversus
1029 2073 1315 2133 luxuriam
1339 2073 1724 2135 severissimis
1749 2073 2014 2134 moribus
2037 2073 2435 2136 conveniebat.
2478 2073 2594 2135 ita-

469 2175 584 2236 que
614 2155 939 2235 periculum
971 2166 1087 2231 est,
1128 2157 1245 2218 nisi
1274 2157 1411 2238 quid
1442 2159 1504 2222 in
1532 2166 1778 2239 utraque
1806 2176 1869 2219 re
1907 2159 2040 2227 vani
2082 2158 2158 2220 sit
2197 2157 2595 2233 docuerimuS,

391 2259 424 2309 4
464 2259 541 2303 ne
570 2241 700 2322 quis
729 2260 898 2304 error
924 2241 1093 2305 vobis
1126 2243 1478 2310 offundatur.
1518 2263 1630 2324 ego
1661 2244 1820 2306 enim
1851 2262 2023 2325 quem
2055 2244 2124 2306 ad
2151 2243 2396 2308 modum
2428 2263 2499 2307 ex
2521 2243 2592 2306 iis

462 2327 701 2408 legibue,
732 2348 877 2409 quae
906 2347 1029 2390 non
1053 2329 1116 2390 in
1138 2337 1375 2411 tempus
1397 2331 1632 2411 aliquod
1657 2331 1758 2394 sed
1782 2338 2101 2411 perpetuae
2121 2327 2387 2391 utilitatis
2418 2348 2595 2394 causa

460 2544 703 2609 Perinde,
744 2551 995 2611 reg-nante
1026 2546 1202 2611 Rom„
1237 2554 1472 2613 entspre-

463 2615 651 2676 chend3
684 2613 763 2667 die
790 2615 944 2665 dritte
970 2616 1037 2665 ist
1060 2616 1150 2666 mit
1172 2617 1301 2666 urbe
1323 2620 1474 2683 capta

461 2682 770 2733 bezeichnet.
788 2712 857 2720 —-
874 2683 945 2735 ad
967 2701 1011 2749 q.
1036 2684 1155 2752 lap„
1181 2683 1228 2746 2,
1242 2682 1322 2747 39,
1336 2685 1381 2733 5.
1401 2710 1472 2722 -—

458 2751 885 2818 iam,23,5,15.-
905 2753 1238 2816 urhe—urba,
1259 2749 1404 2815 31,2,
1417 2750 1466 2802 6.

459 2851 506 2858 ——
528 2835 716 2872 aarum
748 2820 818 2870 ist
848 2821 988 2873 viell.
1027 2819 1286 2883 messem,
1322 2835 1469 2870 wenn

458 2903 570 2938 man
611 2888 747 2939 nieht
786 2893 954 2940 nonne
994 2896 1059 2939 st.
1101 2904 1283 2956 nempe
1330 2888 1470 2938 lesen

459 2958 582 3007 oder
604 2957 878 3008 annehmen
898 2956 1021 3020 will,
1048 2957 1165 3007 dass
1192 2958 1273 3007 ein
1291 2955 1472 3007 Priidi-

459 3032 555 3090 eat,
568 3033 700 3076 etwa
708 3024 843 3076 unde
853 3030 1119 3094 sumptum
1138 3030 1218 3076 est
1226 3040 1322 3075 vor
1329 3041 1469 3075 nem-

454 3110 522 3160 pe
555 3092 865 3157 ausgefallen
899 3094 983 3143 ist.
1032 3093 1142 3144 Nur
1177 3093 1256 3143 die
1282 3093 1468 3145 Mainz.

458 3162 578 3211 Eds.
602 3162 687 3211 hat
703 3177 892 3213 aarum
911 3161 1318 3212 wahrschei-nlich
1340 3162 1474 3212 will·

457 3228 654 3277 kiirlich
680 3229 804 3277 nach
827 3244 1025 3296 nempe.
1043 3255 1111 3265 —-
1134 3244 1383 3280 consensu
1402 3245 1470 3293 o.‚

459 3312 501 3346 c.
532 3294 679 3361 32,8;
716 3294 799 3358 33,
817 3294 937 3359 23,1
960 3312 1010 3345 u.
1030 3311 1095 3360 a„
1130 3297 1231 3359 vgl.
1251 3296 1467 3358 4,51,3.

459 3392 519 3400 --
550 3362 734 3414 contid.
759 3379 809 3412 n.
833 3362 889 3414 id
909 3380 1006 3429 quo
1032 3370 1153 3424 etc„
1190 3363 1357 3428 Quint.
1387 3364 1466 3429 12,

458 3433 504 3495 7,
530 3431 579 3480 9.
605 3458 674 3468 ——
692 3434 952 3499 prooeimo,
976 3445 1207 3495 ungenau
1230 3446 1330 3481 von
1354 3433 1467 3483 dem

457 3499 724 3565 punisehen
750 3497 937 3563 Iit-iege
968 3507 1169 3567 gesagt,
1206 3516 1246 3550 s.
1274 3498 1354 3563 33,
1380 3501 1465 3566 42,

456 3566 509 3616 4:
532 3583 627 3636 per
652 3567 848 3619 bellum.
868 3594 939 3605 -·—-
956 3568 1152 3620 viduar.
1173 3575 1285 3635 etc„
1314 3582 1355 3618 s.
1381 3567 1465 3634 24,

459 3633 535 3701 18,
567 3634 647 3685 14.
672 3658 739 3672 -—-
763 3635 855 3698 dii,
882 3653 924 3687 c.
954 3636 1003 3700 3,
1030 3636 1077 3691 8.

529 3702 762 3754 11-13,
811 3704 1110 3768 άίεείτηίἱεε,
1146 3705 1263 3755 weil
1290 3720 1346 3755 es
1384 3704 1464 3756 iif-

455 3772 707 3839 fentliehe‚
729 3772 817 3822 das
831 3772 1135 3823 Staatswohl
1153 3773 1463 3824 betrefl’ende

454 3840 824 3902 Verbiiltnisse‚
852 3839 1319 3906 Veranlassungen,
1347 3842 1466 3893 Mo-

455 3910 560 3960 tive
586 3911 806 3973 (causae)
832 3924 1019 3960 waren.
1044 3938 1112 3947 —
1133 3925 1390 3978 purgare,
1417 3927 1461 3960 c.

455 3977 537 4042 62,
565 3979 622 4039 53
651 3978 731 4041 24,
757 3979 841 4041 47,
863 3979 920 4040 53
947 3977 1029 4041 27,
1049 3977 1132 4041 20,
1155 3978 1233 4028 12.
1252 3994 1464 4048 —pro-

453 4049 565 4113 prio
588 4046 666 4112 33,
701 4046 798 4109 37,-
822 4047 901 4100 10.
925 4076 994 4085 —
1020 4046 1142 4114 quid
1163 4063 1210 4097 a.
1243 4048 1371 4110 fec„
1407 4062 1463 4096 so

1579 2549 1925 2668 ἔέιῗὲξίιιαιιιῗιᾶ
1939 2548 2267 2667 ιίξὲοῃῗὲῒὴῗὲ
2272 2547 2594 2668 Ἑξζεξῖιὲῗὲἒιῗ

1578 2685 1744 2734 istdas
1763 2700 1827 2734 zu
1844 2683 2148 2746 tadeln,was
2167 2684 2241 2734 sie
2253 2683 2391 2749 jetzt
2407 2685 2594 2749 gethan

1577 2752 1753 2803 haben.
1779 2752 1871 2802 Die
1880 2752 2118 2803 Antwort
2134 2752 2352 2819 uuqu‘d
2367 2754 2437 2803 ist
2454 2753 2595 2805 nicht

1578 2820 1855 2871 besonders
1889 2820 2251 2884 ansgedriiekt,
2287 2821 2506 2871 sondern
2541 2822 2593 2872 in

1580 2888 1691 2939 dem
1723 2888 1843 2952 folg.
1881 2888 2003 2939 Satz
2038 2888 2088 2938 in
2123 2888 2218 2939 den
2243 2888 2462 2939 Worten
2493 2906 2594 2942 noe

1581 2960 1767 3023 rogari
1787 2963 1883 3007 etc.
1908 2955 2363 3021 aufgenommen.-
2380 2961 2590 3026 superb.

1577 3024 1948 3144 -θῗανῗῗ-Ξξ,
1975 3025 2310 3144 ὃῇἰῗῧνὶἰηᾱο
2342 3094 2431 3143 des
2457 3093 2591 3144 Con-

1580 3162 1686 3214 suls
1713 3162 1823 3211 sind
1849 3161 1985 3212 nicht
2002 3161 2286 3225 seblagend,
2310 3161 2376 3212 da
2393 3177 2454 3211 er
2470 3178 2592 3214 ver-

1579 3230 1846 3280 schiedene
1879 3229 2038 3293 Dinge
2080 3229 2357 3280 vermiseht
2388 3231 2489 3281 hat.
2521 3258 2592 3269 -

1575 3296 1637 3348 de
1660 3312 1759 3365 quo
1781 3314 1885 3364 ag„
1910 3296 2148 3348 Antwort
2169 3296 2259 3347 auf
2274 3312 2316 3348 c.
2335 3296 2383 3349 3.
2402 3326 2472 3335 -——
2489 3299 2589 3351 du-

1570 3366 1695 3434 pleoe
1713 3382 1806 3428 or„
1836 3366 1963 3415 zwei
1981 3364 2189 3415 Classen
2209 3381 2309 3416 von
2329 3365 2590 3432 Griinden,

1573 3433 1847 3499 Angriffen.
1867 3461 1936 3471 ——
1953 3437 2008 3484 et
2027 3433 2192 3504 legem
2214 3434 2335 3485 null.
2358 3435 2445 3486 hat
2463 3435 2587 3486 Cato

1575 3503 1713 3553 nieht
1737 3517 1792 3552 so
1822 3501 2074 3553 bestimmt
2098 3510 2301 3566 gesem,
2337 3503 2431 3553 der
2451 3501 2589 3555 Red-

1572 3586 1666 3621 ner
1699 3571 1894 3621 seheint
1925 3585 1983 3621 οε
2013 3585 2107 3622 aus
2137 3586 2182 3620 e.
2215 3569 2275 3631 3,
2312 3571 2343 3622 5
2380 3588 2445 3621 zu
2485 3570 2590 3622 fol-

1573 3654 1714 3702 gern.
1735 3670 1782 3679 -
1795 3653 1895 3707 pro
1915 3638 2032 3704 leg„
2050 3637 2343 3689 attributiv:
2371 3639 2589 3690 Schutz-

1574 3708 1722 3769 rede3
1759 3723 1825 3757 zu
1847 3706 1934 3757 illa
1956 3707 2027 3757 ist
2050 3709 2216 3757 oratio
2242 3708 2369 3757 noch
2404 3707 2588 3759 einmal

1574 3791 1639 3824 zu
1672 3774 1884 3825 deuken.
1917 3802 1986 3812 —
2015 3774 2298 3840 consular„
2335 3791 2376 3826 s.
2416 3774 2474 3840 3,
2499 3775 2586 3841 29,

1574 3842 1732 3905 2351).
1772 3842 1863 3907 59,
1902 3842 1958 3905 13
1996 3842 2026 3892 3
2056 3858 2177 3893 u.a.
2209 3872 2273 3880 —
2318 3860 2415 3910 ego
2448 3847 2588 3895 enim

1573 3911 1754 3976 gehdrt
1794 3911 2060 3975 eigentlich
2095 3926 2160 3961 zu
2190 3912 2304 3962 dem
2336 3912 2587 3976 iihergan-

1573 3994 1734 4044 genen
1789 3979 2117 4044 allgemeinen
2170 3977 2468 4031 ¹(a'redunkeuz
2524 3995 2585 4031 es

1573 4047 1712 4111 gicht
1742 4048 1871 4098 zwei
1903 4048 2064 4100 Arten
2094 4064 2195 4099 von
2239 4049 2410 4115 legen
2452 4047 2583 4099 blei-
