2861 4550
498 339 574 400 17
579 339 618 400 2
1177 334 1369 388 LIBER
1391 334 1612 387 xxxn.
1666 334 1808 387 CAP.
1832 335 1917 386 40.
2382 361 2424 391 a.
2447 363 2491 390 u.
2513 351 2630 392 55⁷.

322 563 325 564 ⁷
493 491 882 554 cedaemoniis
922 491 1370 563 declaraturam,
1411 488 1549 569 quid
1587 487 1786 568 Argivi
1817 489 2055 565 vellent,
2093 489 2359 570 praeberi
2397 490 2632 552 debere

421 593 450 641 3
494 577 718 639 dicebat
744 595 871 650 rex,
908 584 1188 657 tyrannus
1216 574 1447 654 negavit
1474 574 1906 637 deducturum.'
1938 575 2081 637 haec
2110 574 2455 656 disceptatio
2487 576 2631 639 sine

421 680 449 728 4
496 661 816 724 exitufuit.
876 662 947 723 de
988 660 1277 741 colloquio
1318 660 1646 722 discessum
1686 660 1972 722 sescentis
2004 660 2380 723 Cretensibus
2417 661 2492 723 ab
2520 669 2626 742 ty·

283 772 289 776 ·
383 829 386 831 v
493 766 678 810 ranno
730 746 878 809 datis
926 747 1193 809 Romano
1244 746 1591 826 indutiisque
1633 745 1787 808 inter
1835 745 2232 809 Nicostratum
2277 754 2625 825 praetorem

493 834 857 895 Achaeorum
897 841 956 894 et
982 831 1580 894 Lacedaemoniorum
1618 838 1930 911 tyrannum
1967 832 2030 894 in
2070 838 2346 913 quattuor
2372 849 2625 894 menses

493 919 674 980 factis.
1444 953 1450 957 -
2439 949 2452 954 1

419 1024 448 1071 5
658 1003 799 1065 Inde
831 1001 1136 1077 Quinctius
1167 1002 1514 1064 Corinthum
1554 1009 1645 1063 est
1680 1003 1980 1082 profectus
2021 1010 2081 1064 et
2108 1003 2180 1064 ad
2211 1010 2444 1082 portam
2476 1021 2623 1064 cum

494 1089 859 1153 Cretensium
890 1088 1134 1156 cohorte
1166 1087 1440 1161 accessit,
1471 1097 1537 1149 ut
1565 1087 1809 1149 Philocli
1836 1089 2130 1167 praefecto
2159 1087 2325 1150 urbis
2357 1106 2620 1168 appare-

420 1186 462 1238 6‘
492 1185 583 1237 ret
617 1183 928 1255 tyrannum
970 1192 1003 1234 a
1033 1171 1307 1253 Philippo
1348 1172 1618 1234 descisse.
1677 1171 1968 1234 Philocles
2011 1181 2068 1236 et
2095 1175 2225 1255 ipse
2253 1174 2323 1235 ad
2354 1173 2623 1254 impera-

497 1270 683 1322 torem
717 1261 1049 1322 Romanum
1090 1258 1153 1320 in
1195 1258 1557 1338 colloquium
1598 1257 1756 1320 venit
1783 1258 2184 1338 hortantique,
2224 1266 2291 1320 ut
2319 1258 2620 1339 extemplo

496 1345 769 1408 transiret
817 1345 1139 1424 urbemque
1189 1344 1467 1418 traderet,
1516 1343 1594 1406 ita
1615 1343 1966 1422 respondit,
2016 1352 2087 1406 ut
2139 1343 2434 1407 distulisse
2484 1363 2618 1405 rem

421 1447 448 1495 7
494 1432 678 1510 magis
719 1449 893 1510 quam
932 1448 1180 1508 negasse
1207 1429 1510 1491 videretur.
1568 1447 1600 1489 a
1629 1427 1910 1490 Corintho
1940 1429 2246 1503 Quinctius
2275 1430 2618 1509 Anticyram

494 1516 741 1594 traiecit,
783 1515 919 1594 inde
956 1517 1192 1577 fratrem
1235 1515 1308 1576 ad
1339 1515 1739 1595 temptandam
1769 1514 2141 1577 Acarnanum
2172 1523 2403 1594 gentem
2431 1514 2616 1577 misit.

421 1618 451 1668 8
495 1603 717 1664 Attalus
749 1601 821 1663 ab
851 1601 1019 1681 Argis
1050 1600 1359 1680 Sicyonem
1390 1609 1481 1662 est
1508 1602 1830 1680 profectus.
1871 1600 1951 1662 ibi
1981 1607 2041 1680 et
2070 1600 2268 1662 civitas
2299 1599 2467 1662 novis
2498 1599 2619 1662 ho-

496 1687 741 1750 noribus
780 1693 1002 1748 veteres
1039 1686 1194 1766 regis
1225 1687 1484 1747 honores
1517 1685 1700 1759 auxit,
1742 1693 1800 1746 et
1825 1703 1929 1747 rex
1956 1686 2028 1747 ad
2059 1686 2150 1760 id,
2189 1686 2345 1766 quod
2377 1703 2614 1748 sacrum

424 1785 455 1833 9
496 1772 781 1853 Apollinis
812 1790 1017 1851 agrum
1047 1771 1251 1851 grandi
1277 1770 1577 1851 quondam
1599 1770 1846 1849 pecunia
1866 1771 2190 1833 redemerat
2211 1772 2281 1846 is,
2310 1778 2437 1832 tum
2459 1790 2615 1851 quo-

496 1878 636 1939 que,
667 1875 743 1921 ne
771 1857 898 1919 sine
926 1857 1115 1938 aliqua
1143 1856 1538 1919 munificentia
1568 1857 1912 1936 praeteriret
1939 1856 2223 1919 civitatem
2262 1855 2488 1919 sociam
2526 1864 2618 1917 at-

496 1963 611 2025 que
642 1943 907 2017 amicam,
937 1944 1137 2005 decem
1160 1944 1375 2006 talenta
1396 1941 1618 2020 argenti
1641 1941 1801 2003 dono
1824 1941 1984 2004 dedit
2005 1950 2066 2004 et
2084 1943 2288 2004 'decem
2311 1940 2468 2004 milia
2488 1960 2619 2003 me-

395 2049 456 2098 10
498 2030 764 2092 dimnum
796 2028 1091 2090 frumenti.
1152 2039 1323 2109 atque
1352 2028 1429 2089 ita
1460 2026 1784 2090 Cenchreas
1814 2028 1886 2090 ad
1918 2043 2095 2089 naves
2124 2028 2290 2090 redit.
2344 2035 2403 2089 et
2431 2026 2619 2088 Nabis

496 2118 725 2177 firmato
757 2113 1050 2194 praesidio
1075 2114 1244 2193 Argis
1267 2113 1767 2175 Lacedaemonem
1788 2131 2116 2192 regressus,
2150 2130 2282 2175 cum
2305 2112 2435 2192 ipse
2457 2111 2618 2174 viros

499 2200 837 2282 spoliasset,
888 2200 960 2261 ad
1012 2198 1259 2261 feminas
1312 2198 1648 2279 spoliandas
1698 2216 1943 2260 uxorem
1991 2199 2181 2280 Argos
2232 2197 2475 2260 remisit.
2550 2216 2620 2259 ea

395 2305 449 2355 11
496 2305 654 2350 nunc
682 2286 941 2367 singulas
971 2284 1225 2348 illustres
1254 2303 1416 2348 nunc
1445 2284 1619 2346 simul
1646 2285 1845 2366 plures
1873 2302 2086 2365 genere
2114 2284 2266 2346 inter
2296 2283 2616 2345 seiunctas

495 2566 567 2615 sie
594 2565 721 2615 ohne
747 2562 1101 2627 Einmischung
1124 2562 1360 2613 erkliiren
1378 2562 1502 2611 kain-
1608 2557 1707 2614 τὸν
1731 2558 2054 2630 δεκάπηχυν
2076 2558 2318 2627 ἔστησαν
2338 2557 2499 2633 παρὰ
2521 2554 2621 2613 τὸν

495 2650 574 2698 ne,
598 2632 700 2697 vgl.
723 2632 771 2696 4,
797 2630 880 2696 24,
907 2632 954 2682 7.
1002 2632 1203 2683 Andere
1226 2630 1503 2681 vei-binden
1615 2625 1935 2685 Ἀπόλλωνα
1976 2638 2071 2682 etc.
2115 2656 2186 2669 ·—-·
2224 2631 2446 2695 honores
2494 2628 2618 2679 nach

491 2719 593 2754 non
616 2701 996 2756 declaraturam
1016 2701 1274 2752 immite-tis
1297 2698 1416 2753 Lae.
1436 2725 1506 2736 -
1612 2700 1907 2763 honoribus,
1932 2715 1974 2750 s.
1994 2699 2040 2764 6,
2065 2699 2109 2762 1,
2135 2698 2177 2750 1.
2201 2726 2270 2739 —-
2290 2697 2617 2760 medimnum,

492 2770 809 2834 Lacedaem„
834 2769 1075 2820 Soldaten
1097 2768 1214 2830 (wol
1233 2767 1447 2819 Stildner
1465 2782 1504 2819 s.
1579 2772 1582 2777 “
1612 2768 1705 2818 der
1727 2766 2197 2827 Medimuu8.fasste
2232 2767 2264 2817 6
2297 2769 2422 2817 riim.
2452 2765 2617 2827 modii,

495 2840 587 2904 34,
621 2839 713 2902 27,
748 2840 798 2903 5)
835 2853 924 2888 aus
958 2835 1165 2902 Laced„
1200 2835 1390 2887 welche
1424 2835 1507 2884 die
1615 2836 1715 2900 vgl.
1750 2835 1950 2887 Cornel.
1977 2834 2085 2886 Att.
2112 2833 2160 2895 2,
2188 2833 2265 2897 6.,
2306 2835 2398 2885 der
2425 2834 2619 2884 modius

372 2948 377 2949 ff
461 2966 465 2970 ,
496 2909 690 2973 Biirger
722 2907 1052 2958 iiberwacben
1088 2905 1188 2959 und
1221 2905 1334 2956 eine
1375 2903 1507 2954 freie
1615 2911 1775 2955 etwas
1798 2904 1924 2955 iiber
1947 2904 1979 2953 2
2004 2902 2210 2954 Metzen
2231 2902 2542 2953 Preussisoh.

497 2977 843 3040 Abstimmung
900 2975 1221 3026 verbindern.
1277 3000 1348 3011 —
1391 2974 1505 3023 sine
1684 2971 1823 3022 10-
1853 2972 1932 3023 11.
1981 2976 2034 3022 et
2064 2970 2223 3035 Nab.,
2256 2972 2306 3021 iu
2337 2970 2506 3033 Bezug
2536 2969 2625 3020 auf

496 3049 658 3108 exim,
683 3046 787 3109 vgl.
813 3043 896 3109 33,
922 3043 1003 3109 41,
1031 3043 1087 3104 13
1113 3042 1257 3093 Caes.
1285 3042 1337 3093 B.
1367 3039 1428 3091 G.
1456 3040 1503 3102 8,
1614 3039 1766 3092 redit.
1791 3041 2091 3107 —fimato
2109 3055 2309 3109 praem,
2346 3054 2388 3089 s.
2414 3037 2503 3104 43,
2537 3038 2617 3102 20,

498 3113 582 3176 44,
612 3114 666 3163 1:
692 3115 891 3163 emitum
913 3112 1245 3163 conciliorum
1268 3124 1504 3170 suorum,
1615 3109 1668 3159 4:
1693 3109 1930 3176 firmatis
1964 3108 2190 3161 Uscanae
2218 3135 2287 3145 —
2315 3106 2619 3176 praesidiis,-

498 3182 625 3230 ohne
666 3179 925 3241 Resultat3
979 3180 1069 3229 der
1108 3179 1279 3228 Besitz
1331 3178 1505 3227 warde
1615 3177 1698 3244 44,
1724 3176 1782 3239 8,
1811 3177 1863 3226 1:
1888 3180 1952 3228 ut
1968 3176 2290 3245 praesidium
2312 3176 2621 3243 eiu-sfirma-

499 3249 596 3299 ihm
620 3248 794 3298 weder
817 3263 881 3296 zu
900 3274 924 3283 -
960 3247 1084 3296 noch
1117 3246 1506 3310 abgesprochen.
1614 3250 1720 3310 ret,
1744 3245 1841 3297 wie
1865 3245 2118 3308 subsidia,
2141 3247 2391 3297 stationes
2403 3245 2622 3312 firmare

498 3345 566 3356 —
581 3317 637 3367 in
655 3319 816 3382 quatt-
834 3331 921 3378 m.,
944 3314 994 3363 in
1015 3313 1184 3364 dieser
1202 3312 1319 3363 Zeit
1335 3311 1511 3376 glaubt
1617 3330 1666 3364 ιι.
1699 3314 1773 3379 ti„
1805 3313 2033 3377 hiiufiger
2067 3314 2137 3365 ist
2167 3313 2334 3365 locum
2402 3311 2619 3364 raesidio

500 3401 613 3436 man
647 3385 756 3435 also
792 3383 888 3434 den
913 3380 1069 3446 Rrieg
1094 3383 1182 3432 mit
1203 3380 1332 3433 Phil.
1358 3380 1510 3430 been·-
1604 3383 1845 3450 firmare.
1863 3409 1931 3419 -
1953 3397 2107 3446 uxor,
2131 3381 2315 3448 Apega,
2381 3380 2516 3447 olyb.
2542 3378 2618 3441 13,

500 3454 645 3517 digen
672 3469 736 3503 zu
759 3452 973 3502 konnen.
1620 3451 1667 3502 7.
1690 3477 1760 3488 --
1789 3452 2015 3515 remisit,
2050 3451 2188 3501 nicht
2219 3450 2336 3500 dass
2370 3450 2444 3499 sie
2469 3449 2618 3499 sebon

568 3521 735 3572 6-9,
757 3525 808 3572 et
823 3524 948 3589 ipse,
962 3517 1510 3570 wieNahis.—trana-
1618 3520 1734 3570 dort
1765 3533 2001 3582 gewesen
2038 3519 2205 3582 wiire,
2250 3518 2482 3568 sondem:
2527 3517 2616 3567 deu

500 3592 606 3641 iret
636 3606 683 3639 n.
710 3589 781 3640 ad
811 3605 869 3639 se
901 3589 1024 3638 oder
1053 3586 1278 3645 absolut,
1314 3586 1412 3635 wie
1444 3586 1511 3637 im
1619 3587 1755 3651 Weg
1773 3587 1980 3652 zuriick,
2004 3588 2101 3638 den
2119 3602 2178 3637 er
2194 3586 2485 3649 gekommen
2505 3599 2619 3648 war,

502 3658 802 3709 Deutschen.
820 3686 885 3694 —
910 3659 1189 3718 Acarnan„
1209 3653 1288 3720 26,
1311 3654 1404 3716 24;
1425 3653 1509 3719 33,
1581 3667 1595 3673 ‘
1616 3656 1718 3720 vgl.
1744 3655 1836 3720 21,
1866 3654 1954 3720 18,
1984 3655 2070 3706 14:
2094 3659 2314 3716 iterum5
2340 3654 2517 3720 Polyb.
2543 3653 2616 3713 17,

506 3727 593 3793 16,
628 3726 678 3777 2.
704 3754 767 3762 -
795 3728 858 3777 ab
882 3727 1074 3791 Argis,
1106 3740 1198 3774 aus
1233 3723 1324 3773 der
1345 3722 1513 3773 Laud·-
1621 3724 1709 3775 172
1758 3722 2061 3791 ἐξέπεμψε.
2102 3752 2170 3760 -
2210 3723 2442 3774 illustres
2492 3720 2621 3771 nicht

505 3794 683 3860 scbai't,
710 3796 800 3845 der
826 3793 1047 3858 Gegwd,
1071 3793 1119 3843 in
1143 3793 1235 3842 der
1253 3791 1395 3842 Niihe
1419 3791 1511 3841 der
1619 3792 1929 3858 substantiv,
1965 3807 2008 3841 s.
2038 3792 2092 3857 1,
2124 3791 2218 3855 26,
2242 3791 2301 3856 4,
2328 3791 2544 3843 sondern
2565 3803 2618 3838 es

504 3864 675 3926 stadt,
719 3863 816 3913 wie
848 3860 882 3928 ξ
917 3862 948 3911 5
983 3861 1298 3913 Corinthum.
1335 3887 1402 3896 -—
1432 3857 1517 3910 Sa·-
1622 3860 1692 3911 ist
1714 3875 1907 3912 uxores
1939 3861 2062 3910 oder
2094 3860 2528 3925 daraussemt'nae
2559 3872 2619 3907 zu

504 3949 671 4001 cyon„
706 3932 830 3983 nach
854 3930 1033 3998 Polyb.
1063 3929 1150 3993 17,
1180 3926 1260 3979 16.
1282 3955 1351 3968 —-
1374 3931 1516 3979 vete·
1623 3928 1848 3992 deuken3
1913 3928 2120 3995 Pomm
2186 3928 2299 3980 τῶν
2352 3924 2621 3995 γυναικῶν

503 4018 615 4065 res,
650 3999 855 4069 Polyb.:
898 3994 999 4052 τὸν
1028 3991 1309 4052 κολοσσὸν
1342 3991 1515 4046 αὐτοῦ
1622 3990 1777 4054 τινὰς
1821 3993 1928 4066 μὲν
1981 3992 2105 4048 κατ’
2154 3993 2312 4048 ἰδίαν
2368 3989 2527 4050 τινὰς
2561 3990 2618 4044 δὲ
