2861 4550
299 367 556 410 a.ch.19⁷.
932 352 1124 405 Lmen
1157 352 1378 408 xxxu.
1428 353 1574 431 (ζΑΡ.
1600 354 1684 406 32.
1710 354 1792 408 33.

2294 355 2414 420 159

299 508 412 569 hos
434 508 741 570 Romanus
770 507 843 569 ad
872 515 1194 572 extremum
1221 508 1358 574 litus
1391 527 1764 588 progressus,
1791 526 1928 569 cum
1956 527 2056 569 rex
2084 507 2143 568 in
2175 525 2414 586 proram

300 592 464 658 navis
493 594 553 654 in
583 593 814 656 ancoris
846 593 1057 680 stantis
1086 594 1493 673 processisset,
1526 594 1968 669 „commodius“
1997 592 2206 673 inquit,
2238 593 2326 667 „si
2354 593 2415 656 in
2462 603 2522 652 13

300 688 520 742 terram
551 678 882 757 egrediariS,
910 698 983 740 ex
1005 678 1341 759 propinquo
1366 680 1628 744 dicamus
1651 679 1713 740 in
1734 679 1918 741 vicem
1942 677 2415 758 audiamusque.“

303 783 439 827 cum
465 783 566 825 rex
594 764 882 828 facturum
915 784 978 826 sc
999 764 1056 826 id
1079 774 1327 843 negaret,
1359 783 1571 845 „quem
1599 765 1870 826 tandem“
1900 765 2087 844 inquit
2111 764 2414 837 Quinctius
2462 775 2523 826 14

301 847 603 924 „timesifl‘
633 850 704 911 ad
734 850 852 911 hoc
876 849 972 911 ille
1002 851 1258 930 superbo
1289 859 1346 911 et
1370 850 1533 931 regio
1564 849 1761 914 animo
1791 850 2122 925 „neminem
2145 850 2415 929 equidem

301 935 480 998 timeo
520 942 750 1014 praeter
787 936 933 997 deos
972 935 1347 998 immortalis:
1389 955 1513 998 non
1544 935 1808 998 omnium
1837 944 2033 998 autem
2064 936 2237 997 credo
2268 934 2417 1010 fidei,

303 1037 454 1100 quos
502 1022 652 1084 circa
698 1030 756 1083 15
803 1020 1000 1096 video,
1048 1028 1224 1101 atque
1260 1022 1538 1086 omnium
1587 1019 1827 1084 minime
1869 1021 2155 1086 AetoliS.“
2218 1021 2418 1096 „istuc
2463 1033 2522 1083 15

300 1105 581 1185 quidem“
604 1105 685 1170 ait
704 1106 1007 1170 Romanus
1028 1125 1174 1185 „par
1197 1108 1473 1172 omnibus
1497 1107 1818 1186 periculum
1844 1115 1954 1180 est,
1975 1107 2074 1186 qui
2098 1123 2230 1168 cum
2245 1107 2418 1170 hoste

300 1191 372 1252 ad
404 1191 758 1271 colloquium
793 1193 1277 1270 congrediuntur,
1318 1192 1368 1253 si
1399 1190 1555 1254 nulla
1586 1193 1731 1253 fides
1763 1192 1906 1254 sit.“
1941 1209 2138 1263 „non
2167 1199 2414 1272 tamcn‘f
2463 1201 2524 1251 16

299 1276 504 1356 inquit,
535 1278 640 1350 „T.
664 1277 920 1349 Quincti,
954 1296 1059 1357 par
1087 1278 1365 1356 perfidiae
1392 1278 1718 1357 praemium
1749 1286 1855 1349 551,
1887 1277 1934 1338 si
1966 1277 2170 1339 fraude
2193 1284 2418 1355 agatur,

299 1360 608 1441 Philippus
636 1370 698 1422 et
718 1363 1034 1426 Phaeneas·
1086 1381 1277 1441 neque
1304 1363 1462 1424 enim
1491 1382 1674 1444 aeque
1704 1362 2010 1426 difficulter
2033 1362 2216 1423 Aetoli
2248 1381 2418 1441 prae-

299 1455 492 1507 torem
535 1447 711 1507 alium
749 1466 817 1508 ac
845 1448 1189 1509 Macedones
1230 1466 1426 1527 regem
1458 1448 1518 1509 in
1549 1465 1744 1539 meum
1774 1448 1970 1510 locum
2002 1447 2417 1510 substituant.“

190 1535 215 1546 ''
302 1532 628 1594 secundum
656 1532 802 1594 haec
831 1532 1129 1594 silentium
1159 1533 1285 1594 fuit.

474 1617 619 1678 Cum
650 1618 950 1679 Romanus
982 1637 1117 1680 eum
1148 1637 1352 1680 aecum
1384 1625 1647 1682 censeret
1668 1617 1924 1697 priorem
1949 1618 2159 1692 dicere,
2192 1618 2417 1697 quipe-
2445 1614 2525 1676 33

301 1701 469 1763 tisset
508 1702 888 1781 colloquium,
938 1722 1044 1764 rex
1082 1703 1207 1765 eius
1248 1724 1381 1765 5555
1420 1703 1681 1783 priorem
1723 1703 2079 1776 orationem,
2123 1703 2221 1783 qui
2261 1703 2421 1765 daret

302 1788 462 1868 pacis
505 1787 691 1866 leges»,
731 1805 855 1848 non
895 1787 992 1867 qui
1034 1789 1345 1868 acciperet,
1389 1798 1511 1850 tum
1542 1789 1846 1852 Romanus
1889 1788 2211 1868 simplicem
2252 1803 2418 1848 suam

305 1873 635 1938 orationem
667 1891 827 1934 esse:
861 1893 928 1938 ea
958 1873 1114 1937 enim
1145 1894 1208 1936 55
1239 1873 1549 1949 dicturum,
1580 1893 1725 1955 quae
1756 1874 1817 1935 ni
1846 1875 1988 1935 fiant
2016 1874 2172 1934 nulla
2205 1873 2280 1933 sit
2311 1892 2417 1951 pa·
2462 1884 2492 1933 2

303 1957 390 2017 cis
442 1957 727 2020 condicio.
799 1959 1133 2020 deducenda
1185 1980 1256 2022 ex
1296 1961 1572 2022 omnihus
1616 1959 1891 2022 Graeciae
1932 1959 2256 2022 civitatibus
2296 1958 2418 2036 regi
2462 1968 2491 2017 3

300 2042 590 2122 praesidia
628 2062 787 2118 esse,
829 2045 1087 2125 captivos
1120 2055 1177 2107 et
1205 2048 1538 2124 transfugas
1568 2045 1743 2106 sociis
1774 2044 1976 2125 populi
2006 2044 2255 2106 Romani
2284 2043 2420 2104 red-

303 2128 548 2200 dendos,
578 2129 933 2192 restituenda
964 2130 1250 2192 Romanis
1285 2150 1350 2192 ea
1371 2130 1577 2210 Illyrici
1606 2130 1753 2203 loca,
1786 2150 1935 2211 quae
1964 2133 2112 2209 post
2132 2148 2333 2208 pacem
2357 2129 2418 2189 in

300 2213 480 2294 Epiro
530 2213 751 2287 factam,
809 2225 1180 2296 occupasset,
1237 2216 1579 2279 Ptolomaeo
1632 2216 1871 2299 Aegypti
1923 2215 2045 2296 regi
2092 2214 2420 2278 reddendas
2461 2227 2493 2275 4

303 2300 508 2375 urbes,
549 2320 693 2380 quas
732 2312 872 2379 post
910 2302 1304 2381 Philopatoris
1344 2302 1670 2363 Ptolomaei
1708 2311 1962 2365 mortem
1997 2301 2417 2381 occupavisset.

305 2404 443 2447 suas
472 2386 793 2466 populique
815 2386 1069 2447 Romani
1099 2386 1475 2449 condiciones
1503 2387 1610 2448 has
1640 2407 1800 2464 esse3
1828 2396 2083 2450 ceterum
2114 2395 2170 2448 et
2193 2386 2418 2448 socium

306 2579 399 2643 32,
435 2579 525 2640 39,
563 2580 591 2630 7
615 2597 662 2631 n.
699 2579 791 2643 33,
829 2580 918 2646 14,
952 2581 1011 2645 6,
1046 2582 1169 2631 oder
1192 2583 1308 2633 dass
1416 2583 1521 2634 sich
1540 2583 1693 2634 leicht
1715 2583 1897 2647 finden,
1923 2583 2099 2650 Polyb.
2120 2583 2423 2635 Φιλίππου

304 2648 604 2699 Aristaenus
638 2648 749 2699 eine
774 2649 960 2700 andere
982 2649 1175 2703 Person
1201 2665 1311 2702 war
1413 2648 1778 2721 ἀπολομένου
1819 2647 1957 2702 κατὰ
1999 2648 2061 2702 τὸ
2102 2647 2291 2721 παρὸν
2325 2644 2424 2703 οὐκ

262 2740 267 2751 1
303 2717 380 2766 als
406 2717 497 2767 der
514 2716 719 2768 Priitor.
1415 2718 1559 2773 εἶναι
1591 2715 1691 2771 τὸν
1723 2714 2128 2785 βασιλεύσοντα
2152 2715 2426 2771 Manes&

374 2784 609 2836 12-14,
646 2787 928 2850 inter-lm,
953 2785 1072 2836 wir:
1107 2803 1205 2837 von
1231 2788 1308 2838 ih-

304 2868 419 2917 nen,
453 2855 599 2904 oder:
635 2869 726 2904 aus
760 2855 897 2904 ihrer
920 2853 1085 2905 Mitte.
1106 2882 1176 2893 -
1202 2855 1306 2907 130-

300 2938 487 2973 manus
522 2923 590 2973 ist
618 2923 726 2972 hier
751 2923 846 2973 wie
882 2923 947 2972 im
970 2923 1113 2986 Folg.
1150 2922 1306 2988 Quin-

303 2991 445 3055 ctius,
479 2991 556 3042 als
582 2991 853 3043 Vertreter
886 2992 979 3041 der
1012 2991 1214 3045 filimer.
1238 3019 1308 3031 -·

300 3060 480 3123 invia,
515 3060 656 3110 einer
688 3060 811 3113 nach
842 3061 953 3111 dem
976 3061 1213 3111 anderen.
1238 3087 1308 3096 —

301 3127 541 3190 audiam,
567 3126 685 3179 Tac.
712 3128 837 3191 Agr.
864 3128 918 3177 22
953 3128 1189 3194 loquendi
1208 3144 1308 3179 aue-

302 3194 579 3262 diendique.
611 3223 681 3232 -—
712 3199 916 3263 superb.
952 3200 1004 3246 et
1032 3212 1173 3262 rog„
1217 3197 1307 3247 das

303 3260 541 3313 Lctztere
561 3264 851 3328 specieller:
870 3265 1179 3332 tyrannisch,
1201 3280 1243 3315 5.
1263 3281 1306 3317 c.

305 3329 386 3392 34,
413 3328 470 3391 33
489 3330 691 3397 Polym
717 3328 903 3384 ἐδόκει
917 3331 1026 3401 μὲν
1045 3326 1146 3386 οὖν
1163 3333 1312 3384 πᾶσι

302 3398 581 3516 fontanos
621 3395 1002 3471 κατάρχεσθαι
1040 3402 1137 3465 τῆς
1175 3396 1309 3469 opu,-

335 3469 446 3529 ίας,
472 3466 611 3530 giebt
632 3482 726 3518 nur
748 3471 837 3521 das
861 3469 1058 3522 Urthcil
1086 3471 1177 3520 der
1199 3476 1306 3523 An-

300 3536 589 3585 wesendcn.

374 3603 606 3654 15-16,
651 3607 810 3655 at't—
835 3608 1024 3671 inquit,
1061 3621 1102 3656 5.
1134 3606 1189 3668 1,
1221 3606 1306 3670 24,

301 3672 358 3737 4,
383 3689 450 3722 zu
472 3675 638 3738 iuquit
659 3672 787 3722 wird
809 3673 897 3723 das
924 3673 1133 3738 Subject
1154 3674 1308 3723 leicht

301 3742 621 3792 verstanden.
646 3767 716 3777 —-
736 3743 788 3791 si
809 3743 910 3791 sit.-
941 3741 1024 3792 fiir
1056 3743 1150 3792 den
1175 3740 1306 3804 Fau,

302 3809 433 3859 dass·
459 3837 524 3846 -—
546 3825 652 3863 non
674 3813 844 3860 tamen
869 3824 918 3859 n.
950 3811 1182 3875 quamvis
1214 3809 1309 3858 Ιιοο

301 3877 592 3942 concedam,
614 3882 785 3928 tmnen
811 3884 909 3928 etc.
934 3905 1004 3916 -
1026 3878 1307 3941 Phaeneas,

302 3944 381 3993 ein
405 3944 492 3996 Ph.
516 3974 586 3984 -—
616 3951 854 4015 praetor,
891 3946 970 3997 ein
1004 3944 1181 4010 Mann,
1217 3946 1309 3996 der

303 4019 392 4073 gut
413 4027 576 4078 genug
606 4016 676 4067 ist
710 4031 823 4066 zum
847 4015 1142 4081 Strategcn,
1174 4014 1309 4067 111551

1411 2804 1543 2841 νων.
1567 2816 1636 2825 --
1669 2788 1860 2849 silent„
1896 2787 1975 2838 die
2000 2788 2213 2840 Aetoler
2246 2802 2422 2851 wagen

1415 2858 1540 2906 noch
1566 2857 1703 2906 nicht
1725 2871 1791 2905 zu
1814 2858 2073 2921 sprechen.

1483 2913 2059 2989 33.01-4.amtaeeg.,
2077 2923 2213 2987 s.31‚
2236 2923 2315 2987 11,
2341 2923 2420 2974 17.

1413 3021 1482 3028 —
1499 2995 1765 3059 acciperet,
1779 3006 1819 3041 s.
1835 2991 2420 3060 31,31,19.-simplic.,

1413 3060 1517 3124 vgl.
1533 3059 1613 3121 34,
1627 3058 1707 3122 58,
1732 3060 1788 3121 13
1810 3059 1984 3126 Polyb.
2008 3054 2229 3113 ἁπλοῦν
2244 3088 2314 3097 -
2332 3060 2425 3112 καὶ

1417 3123 1887 3196 διαφαινόμενον,
1926 3129 1990 3178 im
2017 3128 2332 3193 Gegensatze
2358 3145 2422 3180 zu

1410 3196 1744 3265 perplooeius,·
1779 3198 1903 3247 auch
1923 3198 2027 3248 das
2051 3197 2196 3261 Folg.
2231 3200 2302 3249 ist
2332 3200 2424 3249 mit

1414 3265 1648 3328 wenigen
1678 3265 2076 3330 Veriindrungen
2115 3282 2207 3317 aus
2242 3264 2332 3317 Pol
2372 3267 2420 3319 b.

1416 3349 1725 3397 genommen.
1748 3360 1819 3372 —
1841 3350 1971 3401 quae
1990 3363 2060 3372 —
2085 3333 2311 3387 condicio
2336 3282 2423 3386 {at

1416 3401 1476 3453 L.
1510 3402 1857 3467 hinzugeffigt3
1901 3420 2029 3470 quae
2057 3406 2137 3467 πί,
2182 3403 2440 3457 Satzver⁴,.

1415 3471 1762 3536 schriinkunffl
1806 3470 1931 3523 iiber
1968 3474 2027 3521 ni
2063 3487 2104 3521 5.
2149 3487 2193 3521 5.
2237 3471 2329 3536 31,
2373 3472 2419 3521 1.

1414 3539 1508 3589 Ι)15
1542 3539 1840 3603 Forderung
1871 3539 2034 3591 selbst
2073 3539 2142 3589 151
2183 3542 2333 3590 schon
2377 3538 2442 3590 c.'

1418 3607 1506 3670 10,
1532 3606 1560 3655 3
1587 3608 1814 3671 gestellt.
1838 3636 1908 3644 —
1931 3607 2070 3676 lllyr.
2093 3607 2230 3671 loca,
2268 3623 2310 3659 s.
2336 3607 2419 3670 33,

1415 3673 1498 3737 34,
1522 3675 1601 3725 11.
1619 3702 1689 3712 ——·
1708 3675 1858 3738 Ptol„
1883 3676 1965 3727 die
1985 3677 2253 3743 Cycladen,
2273 3691 2314 3727 5.
2337 3674 2420 3738 31,

1418 3741 1497 3804 15,
1524 3740 1603 3792 (115
1620 3742 1748 3795 Phil.
1767 3743 1949 3807 jcdoch
1975 3745 2164 3794 bereits
2185 3744 2418 3795 verloren

1416 3809 1525 3872 hat,
1552 3811 1630 3860 (115
1656 3811 1833 3861 Stiidte
1857 3812 1908 3862 in
1933 3811 2191 3877 Thracica,
2223 3810 2304 3875 31,
2339 3810 2419 3875 16,

1416 3878 1516 3927 und
1538 3877 1843 3945 Kleinasien,
1869 3880 1951 3944 31,
1980 3881 2059 3942 14,
2086 3879 2133 3929 3.
2157 3907 2223 3917 -·-
2248 3879 2421 3929 Philo-

1408 3950 1536 4015 μοι,
1559 3946 1651 4009 31,
1678 3948 1708 3999 2
1722 3986 1738 4013 ,
1758 3947 1807 3998 3.
1855 3949 1947 3998 Die
1973 3947 2306 4011 Zuriickgabe
2328 3948 2420 4001 der

1414 4022 1697 4078 genannten
1717 4016 2050 4080 Besitzungen
2071 4031 2135 4066 an
2155 4017 2420 4083 Aegypton
