2861 4550
1155 355 1547 409 mamonae,
2293 358 2416 422 353

295 524 435 559 oram
459 511 607 579 cepit.
654 508 843 560 Achaei
865 508 916 559 in
941 509 1209 567 amicitiam
1237 511 1428 576 recepti
1455 516 1589 560 sunt.
1637 517 1924 576 praetorum
1949 525 2187 561 numerus
2208 512 2419 578 amplia·-

295 584 377 626 tus
403 583 500 641 est,
527 584 585 628 ut
608 577 721 628 seni
745 584 1056 628 crearentur.
1100 578 1380 630 coniuratio
1407 593 1670 629 servorum
1696 577 1829 629 facta
1849 580 1910 629 de
1929 579 2187 629 solvendis
2208 579 2420 631 Cartha-

294 644 593 707 giniensium
630 645 907 712 obsidibus,
943 661 1184 712 oppressa
1217 654 1327 709 est3
1362 648 1458 697 duo
1482 646 1620 697 milia
1653 660 1682 695 n
1717 647 1900 697 necati.
1947 646 2210 699 Cornelius
2234 647 2418 707 Cethe-

293 729 387 775 gus
428 714 609 767 consul
639 712 813 764 Gallos
844 711 1080 764 Insubres
1114 716 1307 781 proelio
1340 714 1487 765 fudit.
1536 730 1646 765 cum
1678 713 2084 766 Lacedaemoniis
2118 721 2172 766 et
2202 722 2418 782 tyranno

294 796 466 832 eorum
496 780 687 832 Nabide
719 781 937 832 amicitia
961 782 1131 833 iuncta
1158 790 1255 835 est.
1305 790 1573 849 praeterea
1601 782 1996 849 expugnationes
2015 782 2212 833 urbium
2234 783 2282 834 in
2310 783 2418 834 Ma-

294 849 500 900 cedonia
524 848 830 901 referuntur.

1153 1016 1555 1026 ...—-...-—-——.—

870 1185 1268 1243 PERIOCHA
1303 1187 1512 1249 LIBRI
1544 1188 1834 1242 XXXIII.

430 1327 491 1378 T.
526 1327 758 1393 Quintius
794 1325 1102 1377 Flamininus
1132 1327 1405 1392 proconsul
1439 1342 1550 1377 cum
1579 1325 1805 1393 Philippo
1842 1328 1904 1377 ad
1931 1325 2334 1394 Cynoscephalas
2371 1326 2419 1376 in

296 1396 562 1455 Thessalia
602 1395 710 1445 acie
752 1394 887 1457 victo
931 1394 1220 1459 debellavit.
1266 1394 1326 1445 1..
1360 1393 1593 1463 Quintius
1629 1394 1941 1457 Flamininus
1982 1395 2070 1445 ille
2107 1394 2270 1449 frater
2306 1409 2423 1459 pro-

296 1463 517 1515 consulis
552 1463 846 1512 Acarnanes
870 1461 1102 1513 Leucade
1132 1463 1281 1526 urbe,
1318 1463 1447 1528 quod
1482 1470 1631 1529 caput
1654 1470 1735 1514 est
1760 1465 2106 1526 Acarnanum,
2134 1469 2423 1527 expugnata

296 1533 344 1582 in
395 1530 696 1582 deditionem
742 1530 950 1596 aceepit.
1017 1546 1116 1596 pax
1150 1531 1343 1597 petenti
1381 1530 1542 1597 Philip
1578 1547 1608 1579 o
1664 1528 1875 1581 Graecia
1922 1531 2139 1581 liberata
2173 1531 2289 1580 data
2325 1537 2423 1581 est.
2467 1588 2471 1592 ,

295 1599 496 1651 Attalus
528 1598 592 1648 ab
627 1596 812 1648 Thebis
846 1598 908 1647 ob
941 1598 1157 1648 subitam
1188 1598 1525 1650 valetudinem
1590 1613 1842 1662 ergamum
1873 1598 2152 1651 translatus
2186 1597 2423 1648 decessit.

299 1667 353 1719 C.
391 1664 717 1733 Sempronius
751 1665 1031 1717 Tuditanus
1064 1673 1271 1734 praetor
1303 1667 1365 1717 ah
1398 1666 1669 1719 Celtiberis
1703 1682 1813 1717 cum
1850 1665 2078 1718 exercitu
2113 1680 2291 1717 caesus
2325 1672 2421 1715 est.

297 1735 356 1786 L.
378 1734 561 1787 Furius
580 1733 829 1799 Purpurio
854 1741 908 1784 et
930 1734 1171 1785 Claudius
1189 1733 1464 1785 Marcellus
1490 1735 1722 1785 consules
1741 1735 1888 1785 Boios
1914 1741 1966 1785 et
1988 1733 2225 1785 Insubres
2248 1732 2422 1783 Gallos

300 1804 624 1868 subegerunt.
669 1801 941 1853 Marcellus
967 1803 1310 1868 triumphavit.
1351 1802 1597 1853 Hannibal
1621 1802 1813 1855 frustra
1834 1803 1887 1852 in
1911 1801 2083 1853 Africa
2106 1801 2290 1853 bellum
2314 1816 2424 1851 mo-

298 1872 420 1922 litus
447 1878 499 1921 et
524 1870 587 1920 ob
613 1872 705 1919 hoc
729 1869 962 1939 Romanis
989 1886 1079 1938 per
1106 1870 1347 1938 epistulas
1372 1871 1434 1935 ab
1458 1872 1703 1923 adversae
1728 1868 1962 1922 factionis
1989 1870 2297 1938 principibus
2334 1870 2423 1919 de-

299 1940 431 1989 latus
457 1946 667 2005 propter
687 1945 871 1991 metum
897 1938 1246 2002 Romanorum,
1273 1939 1355 2006 qui
1381 1939 1579 2003 legatos
1602 1941 1666 1991 ad
1691 1946 1920 1991 senatum
1944 1937 2423 2002 Carthaginiensium

299 2008 359 2057 de
395 2022 457 2057 eo
491 2008 759 2071 miserant,
792 2005 1034 2073 profugus
1066 2008 1127 2057 ad
1154 2005 1455 2061 Antiochum
1485 2008 1665 2075 Syriae
1702 2021 1873 2073 regem
1907 2022 1963 2058 se
1996 2006 2210 2059 eontulit
2240 2004 2425 2055 bellum

296 2076 543 2126 adversus
569 2073 817 2126 Romanos
842 2082 1119 2142 parantem.

1163 2245 1560 2254 ..-m

888 2415 1283 2468 PERIOCHA
1319 2412 1531 2469 LIBRI
1565 2414 1850 2469 XXXIV.

438 2553 547 2603 Lex
569 2552 729 2622 Oppia
743 2590 759 2618 ,
798 2567 942 2618 quam
966 2553 1020 2606 C.
1046 2553 1234 2621 Oppius
1260 2553 1490 2604 tribunus
1519 2552 1681 2621 plebis
1715 2551 1848 2603 hello
1874 2552 2063 2610 Punico
2101 2553 2162 2603 de
2197 2551 2430 2614 finiendis

303 2628 637 2672 matronarum
673 2621 891 2672 cultibus
927 2622 1140 2684 tulerat,
1185 2637 1294 2672 eum
1329 2637 1507 2688 magna
1543 2622 1863 2673 contentione
1897 2622 2138 2685 abrogata
2172 2627 2279 2682 est,
2322 2635 2431 2670 cum

304 2689 513 2740 Porcius
534 2688 657 2739 Cato
680 2695 861 2740 auctor
883 2689 1082 2753 fuisset,
1108 2705 1172 2741 ne
1192 2705 1252 2741 ea
1272 2690 1359 2741 lex
1378 2690 1689 2741 aboleretur.
1735 2689 1779 2740 is
1800 2691 1851 2739 in
1870 2689 2154 2756 Hispaniam
2173 2688 2432 2755 profectus

307 2758 464 2824 bello,
499 2757 626 2836 quod
653 2756 903 2823 Emporiis
929 2773 1076 2809 orsus
1103 2765 1203 2825 est,
1231 2759 1518 2810 citeriorem
1544 2757 1829 2825 Hispaniam
1852 2757 2069 2824 pacavit.
2114 2755 2177 2807 T.
2245 2755 2433 2805 uintins

307 2825 614 2892 Flamininus
646 2824 828 2876 bellum
862 2828 1109 2878 adversus
1132 2826 1560 2879 Lacedaemonios
1600 2834 1654 2876 et
1687 2832 1953 2892 tyrannum
1987 2839 2158 2875 eorum
2241 2824 2434 2876 abidem

305 2909 549 2963 prospere
573 2901 771 2959 gestum
794 2896 911 2946 data
936 2895 1012 2966 his
1035 2910 1175 2963 paee,
1203 2897 1400 2976 qualem
1425 2896 1534 2962 ipse
1558 2893 1778 2957 volebat,
1806 2893 2133 2959 liberatisque
2157 2891 2326 2954 ArgiS,
2353 2892 2435 2956 qui

306 2963 399 3013 sub
425 2963 618 3013 dicione
652 2970 678 3012 t
713 2963 856 3013 ranni
892 2970 1062 3025 erant,
1098 2962 1278 3016 finivit.
1327 2978 1412 3015 res
1447 2970 1715 3031 praeterea
1753 2962 1803 3012 in
1829 2962 2068 3029 Hispania
2102 2967 2153 3010 et
2187 2961 2434 3010 adversus
2480 2972 2485 2976 ¹

308 3032 460 3081 Boios
483 3038 536 3080 et
558 3028 675 3081 Insu
710 3046 796 3081 res
823 3029 1001 3096 Gallos
1026 3031 1245 3082 feliciter
1267 3039 1443 3096 gestae
1480 3031 1784 3102 referuntur.
1833 3037 2038 3081 senatus
2075 3035 2193 3079 tune
2225 3027 2434 3094 primum

309 3104 540 3148 secretus
574 3112 603 3147 a
636 3099 819 3168 populo
851 3100 1001 3149 ludos
1037 3100 1302 3165 spectavit.
1363 3100 1413 3150 id
1444 3106 1503 3151 ut
1536 3098 1685 3150 fleret
1725 3098 1846 3149 Sex.
1872 3097 2047 3149 Aelius
2079 3095 2267 3148 Paetus
2301 3100 2355 3146 et
2379 3094 2433 3144 C.

310 3165 576 3216 Cornelius
602 3164 852 3231 Cethegus
880 3182 1122 3218 censores
1148 3167 1541 3219 intervenerunt
1562 3183 1671 3218 cum
1705 3166 2044 3231 indignatione
2076 3163 2254 3231 plebis.
2302 3162 2439 3213 colo-

313 3234 424 3284 niae
458 3232 630 3299 plures
665 3233 907 3287 deductae
943 3242 1076 3286 sunt.
1126 3235 1198 3287 M.
1231 3234 1440 3288 Porcius
1466 3236 1590 3287 Cato
1626 3235 1688 3284 de
1714 3233 1949 3302 Hispania
1984 3232 2327 3351 triumphavit.
2376 3230 2439 3281 T.

312 3300 547 3368 Quintius
588 3299 925 3367 Flamininus,
970 3303 1053 3370 qui
1088 3299 1369 3370 Philippum
1407 3303 1734 3364 Macedonum
1775 3318 1946 3367 regem
1976 3308 2031 3352 et
2060 3300 2137 3352 Na
2174 3300 2303 3350 idem
2334 3298 2438 3349 La·-

312 3369 743 3420 cedaemoniornm
768 3377 1035 3438 tyrannum
1056 3371 1252 3424 vicerat
1272 3371 1633 3440 Graeciamque
1658 3386 1850 3423 omnem
1875 3371 2200 3432 liberaverat,
2226 3367 2288 3417 ob
2312 3368 2441 3417 hanc

314 3452 482 3492 rerum
507 3443 763 3502 gestarum
787 3439 1155 3504 multitudinem
1182 3440 1349 3492 triduo
1382 3439 1727 3507 triumphavit.
1776 3438 1931 3508 legati
1957 3436 2440 3514 Carthaginiensium

314 3505 677 3556 nuntiaverunt
710 3503 1059 3574 Hannibalem,
1138 3509 1189 3559 ui
1222 3509 1285 3559 ad
1314 3508 1616 3561 Antiochum
1662 3506 1983 3572 confugerat,
2019 3491 2203 3556 bellum
2236 3520 2345 3556 cum
2381 3518 2441 3553 eo

297 3573 497 3626 moliri.
557 3580 895 3641 temptaverat
926 3582 1092 3626 autem
1169 3578 1371 3629 annibal
1404 3593 1501 3645 per
1532 3576 1823 3628 Aristonem
1856 3574 2067 3643 Tyrium
2107 3573 2215 3625 sine
2251 3572 2441 3624 litteris

314 3642 664 3706 Carthaginem
688 3642 893 3693 missum
916 3643 979 3693 ad
1004 3643 1286 3696 bellandum
1310 3646 1510 3697 Poenos
1536 3645 1806 3695 concitare.
