2861 4550
519 387 640 447 114
1200 378 1393 433 LIBER
1424 379 1647 433 xxxn.
1701 380 1844 432 GAP.
1876 382 1954 433 1⁰.

442 552 472 601 3
515 556 618 600 um
656 536 1039 606 adduxerunt.
1106 553 1339 596 summa
1376 536 1810 614 postulatorum
1850 534 2107 597 consulis
2147 543 2297 598 erat:
2349 535 2638 615 praesidia

514 642 584 685 ex
615 621 935 686 civitatibus
963 640 1065 682 rex
1094 622 1429 695 deduceret3
1468 621 1569 696 iis,
1615 639 1866 701 quorum
1907 640 2081 700 agros
2121 621 2411 701 urbesque
2440 639 2638 700 popu-

513 708 663 771 latus
704 716 891 784 esset;
938 707 1204 771 redderet
1250 725 1374 781 res,
1423 725 1573 786 quae
1612 716 2047 786 comparerent3
2086 715 2635 786 ceterorum-aequo

439 807 473 857 4
514 793 753 856 arbitrio
802 792 1124 856 aestimatio
1182 792 1350 854 fierit.

514 879 921 941 condicionem
959 897 1092 940 esse
1130 877 1453 958 respondit.
1522 896 1670 958 quas
1709 878 1837 958 ipse
1876 878 2160 957 cepisset,
2211 896 2309 939 eas
2359 877 2638 939 liberam-

511 983 673 1040 rum3
710 983 857 1045 quae
896 963 1011 1025 sihi
1060 963 1302 1025 traditae
1350 981 1382 1024 a
1419 963 1748 1025 maioribus
1795 971 2017 1037 essent,
2061 979 2262 1026 earum
2291 962 2638 1024 hereditaria

436 1065 468 1114 5
511 1069 579 1112 ac
607 1050 757 1112 iusta
785 1048 1167 1130 possessione
1190 1067 1317 1110 non
1347 1067 1749 1111 excessurum.
1812 1049 1864 1110 si
1899 1068 2051 1127 quas
2094 1057 2478 1129 quererentur
2505 1048 2639 1110 belli

510 1135 700 1196 clades
750 1153 851 1197 eae
899 1134 1181 1207 civitates,
1243 1153 1377 1197 cum
1429 1135 1643 1213 quibus
1690 1134 1966 1196 bellatum
2007 1135 2184 1208 foret,
2234 1133 2474 1196 arbitrio
2516 1151 2635 1213 quo

511 1220 721 1280 vellent
748 1220 1128 1300 populorum,
1160 1237 1293 1282 cum
1326 1219 1539 1299 quibus
1568 1239 1683 1300 pax
1713 1220 1978 1299 utrisque
2002 1220 2236 1293 fuisset,
2269 1237 2335 1281 se
2365 1237 2632 1282 usurum.

438 1319 469 1369 6
510 1305 718 1367 consul
754 1305 898 1367 nihil
936 1306 1008 1366 ad
1048 1306 1106 1366 id
1146 1304 1380 1385 quidem
1419 1305 1638 1367 arbitro
1680 1313 1783 1367 aut
1819 1305 2010 1367 iudice
2052 1324 2203 1386 opus
2241 1324 2394 1367 essee¹
2411 1306 2632 1366 dicere:

510 1389 602 1452 cui
631 1390 788 1452 enirn
817 1408 941 1452 non
972 1409 1256 1470 apparere
1289 1390 1361 1451 ab
1392 1410 1484 1464 eo,
1517 1391 1616 1471 qui
1646 1392 1812 1471 prior
1833 1409 1996 1453 arma
2015 1391 2327 1463 intulisset,
2357 1390 2634 1453 iniuriam

509 1473 745 1537 ortam?
773 1493 886 1539 nec
897 1476 1234 1556 Philippum
1252 1475 1323 1537 ab
1338 1475 1470 1538 ullis
1492 1475 1641 1537 bello
1664 1476 1999 1538 lacessitum
2024 1476 2286 1556 priorem
2301 1476 2418 1537 vim
2433 1476 2634 1537 omni-

437 1569 466 1619 7
508 1561 619 1623 bus
648 1561 881 1624 fecisse.
933 1562 1070 1623 inde
1102 1581 1236 1623 cum
1267 1570 1564 1639 ageretur,
1593 1580 1750 1641 quae·
1769 1562 2028 1624 civitates
2059 1562 2389 1623 liberandae
2417 1569 2636 1635 essent,

508 1646 828 1710 Thessalos
870 1648 1098 1728 primos
1141 1646 1406 1708 omnium
1447 1647 1771 1708 nominavit
1808 1649 2033 1708 consul.
2087 1648 2166 1709 ad
2204 1647 2262 1708 id
2303 1664 2440 1708 vero
2482 1648 2633 1708 adeo

508 1751 788 1794 accensus
820 1732 1221 1812 indignatione
1252 1740 1342 1793 est
1370 1750 1498 1806 rex,
1528 1740 1592 1793 ut
1621 1733 1966 1794 exclamaret
2007 1733 2184 1812 „quid
2216 1733 2368 1794 victo
2399 1732 2635 1811 gravius

436 1827 467 1878 8
509 1818 862 1898 imperareS,
900 1819 966 1879 Τ.
1002 1815 1326 1890 Quincti‘?“
1366 1827 1538 1897 atque
1577 1819 1653 1880 ita
1698 1837 1762 1879 se
1789 1837 1859 1879 ex
1889 1818 2182 1898 colloquio
2212 1817 2535 1898 proripuit3
2574 1826 2637 1878 et

2411 406 2454 435 a..
2475 406 2519 436 u.
2540 395 2669 447 556..

1438 791 1746 872 Philippus
1801 792 1970 853 aliam
2023 793 2265 856 aliarum
2318 792 2672 854 cirit‘atimn>

507 2000 767 2064 gedriingss
792 2013 849 2050 so
875 2000 992 2051 dass
1017 2014 1075 2050 er
1099 2000 1350 2049 zwischen
1375 2001 1516 2051 dem·

506 2068 680 2119 selben
703 2068 881 2119 lliesst.

573 2135 621 2187 3.
665 2152 895 2201 summa,
939 2137 1031 2186 der
1070 2135 1409 2201 Hauptinhalt.
1447 2163 1516 2173 —

503 2205 692 2254 ωὐἰίαι.
703 2211 817 2268 etc„
829 2203 1120 2255 absichtlich
1139 2204 1403 2268 allgemein
1415 2206 1514 2255 und

503 2271 824 2324 unbestimmt
841 2272 1091 2337 gehancti,
1116 2289 1197 2323 um
1216 2273 1298 2324 die
1320 2271 1515 2325 Ueber-

504 2343 754 2406 reschung
793 2340 827 2407 ξ
869 2343 898 2392 7
942 2342 1358 2404 vorzubereiten,
1406 2342 1510 2406 vgl.

505 2410 647 2460 Diod.
695 2408 784 2474 28,
841 2409 926 2460 12:
977 2408 1099 2462 δεῖν
1138 2438 1209 2447 —-
1248 2408 1514 2478 ἐκχωρεῖν

504 2473 733 2541 ἁπάσης
776 2477 872 2543 τῆς
911 2472 1195 2535 Ἑλλάδος.
1236 2506 1306 2515 -
1351 2492 1511 2544 agros

500 2547 635 2608 urb„
655 2561 696 2596 s,
718 2562 761 2595 c.
777 2544 857 2609 33,
878 2545 1002 2598 3.—
1024 2562 1109 2597 res
1124 2574 1193 2583 --
1209 2551 1511 2608 eetwvmm,

502 2614 728 2664 iihnliehe
777 2613 1363 2678 Zusammenstellungen
1411 2631 1510 2665 von

500 2697 585 2734 res
624 2683 726 2735 und
766 2684 876 2733 dem
910 2682 1155 2734 Neutrum
1197 2683 1360 2733 finden
1405 2685 1509 2733 sich

500 2751 626 2801 auch
652 2758 821 2815 suast,
847 2766 889 2801 s.
916 2752 971 2814 5,
1008 2751 1097 2816 16,
1135 2752 1190 2801 7:
1227 2751 1296 2802 ad
1317 2767 1510 2817 cogno-

501 2818 718 2870 scendas
740 2834 828 2871 res
851 2848 920 2857 -
942 2822 1205 2886 incognita
1213 2836 1233 2880 ,·
1257 2819 1315 2884 4,
1342 2820 1425 2882 54,
1452 2821 1508 2869 5:

499 2886 571 2938 ad
585 2903 674 2947 σας
697 2887 778 2949 35,
803 2888 847 2950 1,
875 2886 960 2939 12:
985 2905 1113 2940 suas
1133 2904 1222 2940 res
1238 2914 1308 2927 —-
1324 2893 1510 2954 cetera,

498 2955 603 3020 vgl.
629 2972 672 3006 c.
701 2956 782 3021 29,
808 2956 869 3018 53
909 2957 954 3021 1,
984 2956 1075 3020 36,
1111 2957 1160 3008 6.
1182 2984 1255 2994 ---
1278 2958 1510 3020 arbitrio,

500 3023 905 3088 Schiedsgericht
915 3025 1069 3075 durch
1082 3025 1510 3091 Recuperatoren,

499 3091 622 3142 nach
658 3092 936 3143 romischer
971 3093 1273 3156 Auffassung
1305 3108 1348 3142 s.
1384 3093 1413 3157 ξ
1447 3091 1507 3154 63

501 3156 583 3219 26,
607 3158 690 3221 48,
717 3159 774 3220 8;
802 3159 946 3210 Diod.
971 3164 1283 3225 κρίνεσθαι.

567 3224 735 3276 4-5,
772 3242 806 3276 a
828 3228 1081 3287 maiorib„
1108 3228 1387 3277 besonders
1407 3242 1505 3276 von

496 3292 771 3356 Antigones
792 3294 976 3344 Doson.
995 3322 1066 3330 —
1076 3311 1304 3363 possess.
1323 3321 1393 3331 —
1411 3311 1508 3345 em-

498 3358 603 3410 eed.
639 3368 789 3412 statt:
823 3364 915 3426 iis,
949 3377 1077 3427 quas
1107 3389 1176 3399 —
1196 3362 1507 3430 possideret,

494 3443 596 3478 non
621 3444 821 3481 excess.
844 3456 911 3466 ——
935 3432 1154 3480 arbitrio
1184 3446 1282 3496 quo
1316 3452 1386 3473 ε
1415 3445 1509 3481 ar-

497 3497 647 3547 bito-eb
669 3513 728 3547 eo
752 3514 812 3549 se
830 3513 1081 3562 asumma,
1106 3512 1203 3565 quo
1228 3515 1287 3549 se
1311 3498 1506 3564 vellent,

495 3565 591 3627 uti,
616 3565 717 3628 vgl.
743 3565 802 3629 4,
828 3564 917 3631 39,
940 3566 1001 3628 93
1035 3565 1123 3632 25,
1154 3566 1245 3631 32,
1275 3566 1365 3628 1ος
1401 3566 1506 3617 Cic.

496 3629 638 3681 Lael.
683 3632 771 3697 19,
814 3633 902 3684 68:
943 3650 1093 3685 nemo
1136 3639 1240 3700 est,
1284 3638 1403 3702 quin
1446 3650 1505 3686 eo

499 3698 686 3766 (equo),
713 3717 810 3767 quo
835 3707 1105 3769 consuevit,
1127 3703 1368 3755 libentius
1390 3709 1504 3754 uta·

499 3771 586 3819 tw·
609 3775 722 3831 etc„
748 3768 808 3820 Z.
834 3770 1012 3834 §7743
1037 3786 1271 3838 quornm,
1298 3773 1399 3836 vgl.
1418 3771 1502 3833 27,

495 3835 580 3901 42,
603 3836 679 3902 10,
701 3852 807 3888 was
820 3839 1024 3888 Audet-e
1042 3839 1198 3904 lesen,
1218 3841 1305 3891 hat
1322 3839 1381 3891 L.
1401 3840 1502 3891 wol

494 3904 784 3957 absichtlich
794 3907 1099 3972 vermieden,
1111 3909 1229 3958 weil
1247 3909 1371 3959 auch
1383 3924 1504 3959 cum

494 3977 675 4038 qta'bm
707 3975 813 4027 sich
837 3974 930 4026 auf
943 3977 1254 4044 populorum
1284 3977 1502 4027 hezieht.

563 4042 731 4093 6-8.
791 4045 1015 4104 arbitro,
1066 4046 1168 4108 vgl.
1218 4046 1397 4095 Senec.
1440 4046 1501 4095 de

1625 1999 1788 2051 benef.
1815 1999 1871 2061 3,
1898 2001 1955 2064 7,
1992 2000 2047 2050 5:
2079 2000 2259 2051 melior
2280 1999 2486 2051 videtur
2507 2014 2632 2050 con·

1622 2067 1753 2119 dicio
1784 2083 1972 2119 causae
2002 2071 2188 2134 bonae,
2220 2072 2272 2118 si
2299 2069 2371 2119 ad
2397 2068 2633 2132 ἠιᾱίοσηι,

1622 2152 1775 2202 quam
1798 2140 1849 2187 si
1866 2137 1939 2188 ad
1959 2139 2486 2202 arbitr-ammittitur,
2510 2139 2635 2203 quia

1619 2205 1765 2255 illum
1802 2206 2050 2271 formula
2094 2206 2308 2257 includit
2350 2209 2404 2256 et
2445 2209 2632 2268 certos,

1619 2274 2631 2418 Ψεβὲῖῇῑῗεῑεωξᾞεῑιέῖεῇ

1620 2411 1750 2462 culis
1769 2411 1951 2478 rebga'o
1974 2417 2027 2462 et
2043 2412 2314 2463 detrahere
2328 2410 2524 2478 aliquid
2533 2425 2630 2478 po-

1621 2483 1723 2530 test
1745 2484 1799 2529 et
1818 2480 2017 2531 adicere
2040 2484 2092 2531 et
2121 2482 2429 2531 sententiam
2459 2494 2627 2540 suam,

1618 2563 1721 2597 non
1763 2553 1924 2615 prout
1962 2549 2049 2599 lem
2083 2553 2177 2599 aut
2198 2551 2406 2600 iustitia
2427 2547 2626 2607 suadet,

1619 2616 1714 2666 sed
1729 2621 1892 2683 prout
1911 2617 2207 2668 humanitas
2223 2621 2318 2668 aut
2333 2618 2628 2667 msericor—

1619 2684 1714 2734 dia
1739 2684 1960 2753 impulit,
2002 2701 2188 2751 regere
2197 2701 2217 2745 ,⁶
2255 2685 2423 2736 iudice
2455 2685 2524 2733 ist
2563 2696 2628 2733 an

1619 2768 1669 2801 u.
1696 2751 1771 2802 St.
1799 2769 1893 2802 nur
1915 2752 2256 2817 hinzugel'iigt,
2288 2768 2368 2802 um
2386 2752 2504 2816 jede
2529 2750 2630 2801 Art

1619 2836 1717 2869 von
1760 2819 2133 2885 Entscheidung
2171 2821 2626 2880 auszuschliessen‚

1619 2888 1681 2938 da
1731 2887 1811 2938 eiu
1865 2889 2017 2939 iudex
2063 2890 2201 2941 nicht
2244 2889 2456 2953 begehrt
2502 2902 2626 2948 war,

1616 2956 1720 3019 vgl.
1748 2956 1794 3020 9,
1824 2956 2310 3021 1‚7.—-nec==ac
2334 2957 2472 3007 Phila·
2501 2971 2629 3024 pum

1617 3024 1827 3088 anullo,
1855 3040 1897 3074 S.
1924 3025 1970 3088 7,
1996 3026 2044 3088 9,
2076 3026 2130 3086 13
2158 3025 2203 3090 4,
2231 3026 2311 3085 29,
2340 3025 2398 3086 6;
2435 3024 2466 3073 2
2503 3061 2516 3086 ,
2541 3023 2626 3086 41,

1619 3092 1665 3158 8,
1685 3091 1795 3156 fligt
1817 3093 1930 3142 hier
1952 3094 2043 3143 das
2068 3092 2319 3159 Specielle
2342 3094 2419 3143 als
2438 3092 2625 3143 Unter-

1620 3166 1729 3210 satz
1753 3175 1815 3210 an
1850 3162 1939 3211 das
1966 3162 2300 3227 Allgemeine,
2340 3163 2434 3212 den
2461 3160 2624 3211 Ober-

1618 3235 1754 3289 satz,
1789 3244 1876 3290 an,
1909 3230 2013 3293 vgl.
2040 3246 2084 3280 c.
2111 3229 2167 3292 8,
2200 3228 2280 3279 13.
2303 3231 2621 3297 —priorem

1615 3297 1927 3362 wiederholt,
1943 3299 2030 3348 hat
2048 3298 2140 3348 deu
2154 3296 2470 3360 Nachdruck,
2489 3297 2625 3347 esist

1616 3364 1771 3415 daher
1802 3365 1940 3416 nicht
1971 3366 2292 3429 uothwendig
2313 3367 2403 3417 mit
2425 3365 2621 3428 einigen

1614 3431 1733 3482 Hds.
1758 3435 1933 3501 ipsum
1956 3432 2340 3497 hinzuzuffigen,
2364 3461 2435 3471 -—-
2462 3432 2621 3485 Thes-

1614 3500 1731 3561 sal„
1789 3502 1926 3551 diese
1980 3517 2150 3552 waren
2208 3503 2360 3553 sehon
2409 3502 2620 3552 seitdem

1612 3567 1869 3635 Philippus
1916 3569 1977 3619 11.
2027 3569 2389 3620 Grieehenland
2446 3577 2623 3620 unter-

1612 3636 1803 3686 worl'en
1851 3639 1988 3688 hatte
2034 3653 2130 3702 eng
2168 3639 2260 3688 mit
2293 3638 2626 3690 Macedonien

1611 3705 1902 3775 verbunden
1943 3707 2044 3756 und
2078 3721 2174 3756 von
2212 3708 2400 3757 diesem
2430 3706 2622 3756 abhiiu-

1611 3774 1718 3837 εἰς,
1763 3789 1859 3823 nur
1897 3775 2055 3824 kurze
2088 3773 2205 3826 Zeit
2236 3774 2335 3825 frei
2366 3789 2618 3839 gewesem

1611 3856 1653 3891 s.
1689 3857 1733 3892 c.
1774 3840 1866 3908 33,
1903 3843 1994 3906 16,
2033 3842 2124 3908 33,
2161 3843 2252 3907 34,
2288 3842 2620 3909 7.—-atque,

1609 3910 1709 3959 und
1729 3909 1909 3975 sofort,
1933 3910 2015 3972 26,
2042 3910 2125 3972 39,
2153 3909 2232 3962 16.
2252 3936 2323 3948 -
2337 3929 2479 3962 se—
2491 3926 2621 3978 pro-

1607 3980 1703 4045 n‘p.
1728 3979 1776 4027 in
1797 3979 1888 4028 der
1905 3979 2082 4029 besten
2102 3979 2221 4029 Hds.
2241 3978 2368 4030 fehlt
2388 3997 2458 4044 se,
2479 3979 2621 4030 viell.

1609 4047 1698 4096 mit
1719 4045 1893 4111 flecht,
1914 4063 1955 4096 ε.
1977 4046 2129 4111 Vei-g.
2151 4049 2276 4098 Aen.
2297 4046 2345 4109 5,
2368 4048 2494 4108 7413
2515 4048 2618 4111 vgl.

2847 3906 2850 4037 w

2817 4338 2846 4535 j
