2861 4550
297 364 360 400 ἰ’
376 359 459 401 011.
479 359 571 400 194.

929 346 1120 400 Lmen
1156 346 1398 400 XXXIV.
1455 345 1596 397 CAP.
1622 347 1709 398 46.
1726 346 1809 397 47.

2301 348 2424 412 329

310 500 529 581 gionis‚
565 502 689 562 rem
719 500 781 562 in
811 502 1037 582 asperis
1064 502 1305 582 proeliis
1336 520 1510 582 saepe
1539 508 1878 579 temptatam
1891 516 1921 575 ,‘
1947 501 2113 579 signa
2154 501 2428 583 adempta

311 586 604 665 signiferis
635 586 698 647 in
724 587 916 649 hostis
945 589 1218 650 iecerunt.
1263 588 1405 649 dum
1435 593 1708 666 repetunt
1728 586 1893 647 enixe
1915 586 2166 664 signum,
2195 588 2424 667 priores
2471 590 2534 643 13

314 671 632 733 secundani
648 691 713 732 se
726 681 897 752 porta
913 675 1148 735 eiecere.
1235 673 1357 734 Iam
1380 672 1443 733 hi
1465 679 1627 734 extra
1641 671 1854 733 vallum
1875 672 2212 751 pugnabant
2228 682 2430 753 quarta
2455 680 2535 741 47

265 808 268 809 ⁷
310 758 542 836 legione
578 757 641 817 in
678 766 851 837 perta
888 760 1191 832 haerente,
1233 777 1368 820 cum
1408 757 1556 820 alius
1595 758 1881 819 tumultus
1918 776 1988 817 ex
2027 776 2227 819 aversa
2265 768 2433 837 parte

314 851 642 904 castrorum
671 852 764 905 est
800 855 1056 905 exortus„
1108 843 1171 905 in
1211 850 1445 923 portam
1483 843 1872 923 quaestoriam
1909 842 2242 922 irruperant
2271 843 2433 918 Galli,

313 927 757 1007 resistentisque
785 930 1140 1009 pertinacius
1171 928 1504 990 occiderant
1531 929 1596 990 L.
1626 927 2000 989 Postumium
2040 937 2428 1007 quaestorem,
2472 954 2502 1004 2

293 1013 408 1074 ·eui
440 1013 743 1093 Tympano
788 1015 897 1076 fuit
929 1032 1293 1094 cognomen,
1334 1021 1391 1074 et
1418 1014 1495 1075 Μ.
1526 1013 1785 1075 Atinium
1825 1020 1882 1073 et
1910 1013 1974 1073 P.
2009 1013 2429 1094 Sempronium

313 1099 638 1179 praefectos
668 1100 923 1173 socium,
965 1109 1024 1162 et
1053 1101 1337 1162 ducentos
1366 1100 1550 1160 ferme
1579 1099 1813 1161 milites,
1869 1106 2037 1177 capta
2066 1098 2139 1159 ab
2170 1117 2237 1159 ea
2265 1101 2430 1178 parte
2472 1114 2503 1163 3

313 1191 501 1245 eastra
538 1193 730 1258 erant,
773 1185 963 1247 donec
1000 1186 1217 1247 cohors
1257 1184 1742 1258 extraordinaria,
1781 1183 1966 1244 missa
2007 1202 2040 1244 a
2080 1184 2320 1245 consule
2360 1185 2430 1246 ad

262 1276 266 1281 '
311 1269 590 1331 tuendam
607 1271 1012 1349 ‘quaestoriam
1042 1278 1274 1351 portam
1303 1279 1361 1331 et
1390 1289 1516 1344 eoS,
1550 1269 1649 1349 qui
1678 1269 1828 1330 intra
1852 1267 2062 1329 vallum
2087 1277 2269 1343 erant,
2293 1289 2430 1349 par-

311 1355 420 1415 tim
446 1354 656 1415 occidit
676 1356 888 1435 partim
913 1356 1133 1436 expulit
1156 1355 1368 1418 castris
1386 1363 1447 1416 et
1463 1353 1924 1434 irrumpentibus
1949 1353 2194 1415 obstitit.
2224 1356 2428 1416 eodem
2474 1372 2507 1421 4

314 1442 435 1500 fere
462 1448 733 1520 tempore
761 1449 826 1502 et
849 1451 1055 1521 quarta
1082 1441 1232 1520 legio
1265 1460 1401 1503 cum
1433 1441 1658 1502 duabus
1699 1438 2174 1501 extraordinariis
2215 1440 2432 1502 cohor-

313 1525 470 1587 tibus
500 1533 674 1605 porta
703 1527 910 1606 erupit.
938 1527 1037 1588 ·ita
1066 1527 1242 1588 simul
1268 1525 1378 1586 tria
1407 1525 1630 1606 proelia
1656 1525 1805 1586 circa
1828 1532 2014 1585 castra
2036 1525 2185 1586 locis
2209 1526 2431 1587 distan-

313 1611 471 1673 tibus
499 1619 691 1684 erant,
731 1612 1132 1691 clamoresque
1168 1610 1396 1672 dissoni
1434 1611 1504 1673 ad
1543 1611 1799 1671 incertos
1843 1628 2088 1671 suorum
2125 1618 2364 1672 eventus
2403 1630 2436 1672 a

304 1697 607 1777 ‘praesenti
654 1697 966 1759 certamine
1008 1697 1237 1759 animos
1281 1695 1665 1777 pugnantium
1719 1695 2070 1756 avertebant.
2124 1714 2312 1776 usque
2363 1696 2433 1757 ad
2477 1711 2529 1761 5-

295 1782 622 1843 meridiem
652 1783 852 1863 aequis
883 1783 1101 1844 viribus
1131 1802 1198 1844 ao
1226 1802 1415 1863 prope
1444 1781 1571 1861 pari
1600 1801 1708 1860 spe
1744 1789 2069 1861 pugnatum
2107 1792 2214 1842 est.
2273 1781 2438 1842 labor

315 1876 375 1928 et
416 1875 614 1929 aestus
655 1868 850 1929 mollia
877 1876 936 1929 et
962 1869 1139 1931 fluida
1169 1886 1421 1947 corpora
1453 1868 1749 1928 Gallorum
1788 1878 1847 1927 et
1884 1867 2125 1927 minime
2164 1867 2440 1945 patientia

313 1952 448 2014 sitis
483 1971 620 2015 cum
645 1954 927 2015 decedere
955 1972 1153 2033 pugna
1175 1954 1478 2032 coegisset,
1507 1953 1569 2013 in
1600 1971 1822 2033 paucos
1853 1953 2127 2013 restantis
2151 1955 2437 2032 impetum

313 2038 565 2100 Romani
596 2039 883 2113 iecerunt,
916 2040 1200 2119 fusosque
1229 2039 1645 2120 compulerunt
1673 2039 1734 2100 in
1765 2045 1968 2099 castra.
2030 2038 2265 2117 signum
2307 2039 2438 2099 inde

311 2123 575 2203 receptui
603 2125 676 2186 ab
708 2124 951 2187 consule
982 2125 1181 2187 datum
1220 2132 1336 2200 εει,
1377 2125 1451 2187 ad
1495 2124 1667 2206 quod
1692 2142 1828 2204 pars
1852 2124 2056 2185 -maior
2092 2131 2439 2204 receperunt
2479 2138 2511 2188 6

314 2228 464 2283 sese,
495 2228 633 2290 pars
665 2210 996 2272 certaminis
1026 2210 1222 2273 studio
1247 2219 1312 2271 et
1339 2229 1447 2289 spe
1474 2209 1742 2291 potiundi
1775 2211 1980 2270 eastris
2002 2208 2264 2270 hostium
2294 2228 2433 2290 per-

307 2295 462 2357 ·stitit
477 2296 546 2357 ad
564 2295 793 2358 vallum.
827 2315 1032 2357 eorum
1049 2296 1338 2376 paucitate
1355 2303 1695 2373 contempta
1708 2292 1848 2356 Galli
1868 2295 2123 2355 universi
2143 2314 2214 2355 ex
2232 2296 2437 2356 castris
2481 2306 2508 2355 7

315 2389 663 2461 eruperunt:
688 2383 803 2444 fusi
827 2381 962 2443 inde
977 2381 1244 2455 Romani,
1266 2397 1412 2461 quae
1437 2380 1682 2460 imperio
1709 2379 1967 2441 consulis
1985 2380 2308 2455 noluerant,
2332 2399 2439 2441 suo

315 2485 534 2547 pavore
561 2486 629 2529 ac
656 2476 879 2529 terrore
912 2476 1099 2529 castra
1120 2473 1413 2546 repetunt.
1458 2465 1538 2526 ita
1568 2465 1724 2526 varia
1745 2465 1885 2527 hinc
1905 2473 2078 2545 atque
2099 2465 2258 2527 illinc
2277 2484 2438 2528 nuno

316 2649 409 2714 33,
444 2648 526 2700 43.
547 2677 618 2689 -
639 2666 754 2702 rem
774 2677 844 2688 —
869 2654 1071 2719 templ„
1106 2650 1209 2715 vgl.
1244 2648 1325 2715 31,

274 2749 280 2758 ·
315 2717 399 2783 23,
430 2717 519 2781 11,
541 2719 591 2783 4,
621 2718 699 2785 17,
728 2718 807 2772 10.
834 2750 883 2758 -—
904 2735 1073 2786 saepe,
1098 2734 1139 2769 s,
1168 2717 1217 2783 3,
1243 2717 1325 2781 70,

253 2839 264 2846 ‚
319 2786 411 2849 10,
438 2785 486 2852 6,
512 2785 560 2849 8,
587 2786 647 2850 3,
674 2787 860 2852 25,14‚
886 2787 946 2851 4,
975 2788 1058 2851 41,
1083 2788 1133 2853 4,
1154 2786 1253 2837 211.
1275 2802 1325 2838 a.

316 2883 386 2893 —-
410 2855 548 2920 dum,
574 2854 655 2918 33,
685 2855 764 2921 18,
796 2854 873 2906 10.

384 2981 491 3045 4¹7.
520 2991 665 3043 1-4.
692 2993 951 3056 haerente,
974 3008 1017 3044 s.
1039 3009 1082 3043 e.
1097 2992 1177 3055 15,
1199 2991 1256 3054 8,
1279 2990 1327 3056 8,

317 3060 400 3127 38,
429 3061 511 3111 14.
534 3089 603 3098 -
623 3077 826 3125 aversa,
849 3077 948 3113 von
984 3062 1077 3111 den
1104 3059 1326 3110 Feinden

315 3146 457 3195 νος,
480 3131 610 3180 deun
635 3129 714 3180 die
734 3134 889 3199 porta
907 3130 1220 3196 quaestoria,
1242 3129 1329 3178 da·

316 3201 409 3250 her
431 3197 655 3264 sogleicb
680 3203 1018 3265 quaestorem,
1054 3198 1123 3248 ist
1146 3197 1195 3246 in
1215 3197 1329 3246 dem

318 3268 485 3331 Lagei·
517 3266 602 3319 fiir
633 3268 763 3318 zwei
797 3267 1053 3333 Legionen
1087 3280 1184 3315 nur
1216 3264 1327 3315 eine

314 3336 504 3387 andere
537 3335 886 3400 Bezeichnnng
925 3335 1011 3386 fiir
1043 3334 1123 3385 die
1152 3350 1206 3402 p.
1241 3332 1331 3383 de-

316 3421 549 3467 cumana,
576 3418 617 3454 a.
642 3403 722 3466 10,
746 3402 826 3468 32,
849 3404 911 3466 9,
936 3404 1040 3466 vgl.
1061 3403 1143 3465 40,
1165 3401 1246 3465 27,
1270 3402 1328 3464 7,

315 3473 401 3538 41,
424 3472 591 3536 2,11.
617 3474 878 3539 —praefl
903 3487 1033 3532 soc„
1062 3486 1104 3522 s.
1133 3469 1213 3532 33,
1242 3468 1324 3532 36,

318 3540 487 3604 5,25,
517 3539 596 3602 14,
622 3540 680 3603 4,
706 3540 755 3606 9,
784 3540 862 3604 16,
892 3540 981 3601 17,
1009 3557 1053 3590 c.
1079 3538 1161 3602 46,
1187 3538 1234 3589 9.
1258 3564 1327 3575 -

316 3611 428 3662 colz.
454 3612 615 3672 σκέπη,
642 3624 698 3659 es
723 3609 819 3672 gab
845 3608 1000 3660 neben
1025 3608 1119 3658 den
1146 3608 1329 3657 cohor-

301 3686 400 3730 ⁴tes
433 3677 602 3728 alares
625 3677 737 3726 vier
770 3675 1205 3727 extraordinariae
1228 3690 1328 3724 von

315 3746 371 3812 je
394 3746 495 3797 420
513 3743 601 3812 M„
621 3760 662 3796 s.
684 3744 767 3810 27,
788 3744 868 3807 12,
892 3744 970 3811 14,
988 3744 1071 3795 bei
1090 3743 1332 3794 zweiLe-

317 3817 515 3880 gionen,
536 3814 693 3880 Marq.
714 3812 761 3877 3,
782 3811 831 3877 2,
844 3811 970 3874 304,
990 3812 1115 3875 307,
1137 3812 1330 3862 welche

318 3885 370 3934 in
395 3883 505 3933 dem
528 3882 790 3934 einfacheu
808 3881 975 3945 Lager
996 3881 1122 3931 nahe
1140 3881 1220 3931 bei
1238 3881 1329 3931 der

317 3957 467 4018 porta
489 3952 745 4017 praetoria
769 3952 877 4002 ihre
898 3947 1046 3999 Zelte
1071 3949 1259 4009 hatten,
1286 3965 1326 3999 s.

322 4019 414 4082 40,
439 4017 526 4085 27,
552 4020 599 4071 3.
626 4049 692 4059 --
717 4036 834 4073 cum
860 4018 1038 4083 duab„
1072 4016 1162 4067 das
1187 4014 1328 4066 Thor

1435 2650 1504 2701 ist
1538 2650 1648 2701 also
1684 2648 1827 2701 stark
1857 2649 2080 2715 besetzt,
2113 2649 2339 2712 weniger
2364 2649 2442 2699 die

1433 2719 1632 2779 beiden,
1658 2733 1738 2768 wo
1762 2719 1843 2768 die
1869 2717 1991 2767 'socii
2009 2718 2203 2767 stehen.
2224 2745 2293 2753 —
2308 2719 2445 2767 circa

1433 2802 1496 2838 an
1521 2788 1913 2838 verschiedenen
1935 2784 2105 2835 Seiten
2126 2785 2214 2835 des
2233 2784 2440 2848 Lagers.

1435 2852 1506 2905 ad
1523 2856 1638 2920 inc„
1663 2855 1766 2916 vgl.
1794 2853 1873 2918 22,
1899 2852 1945 2915 5,
1971 2852 2019 2902 4.

1506 2922 1673 2972 5—8.
1710 2921 1856 2972 labor
1886 2924 1940 2971 et
1967 2925 2122 2986 aest„
2159 2921 2261 2983 vgl.
2298 2936 2363 2969 zu
2395 2922 2444 2983 5,

1437 2992 1520 3055 44,
1544 2991 1605 3052 4,
1642 2991 1706 3040 ib.
1734 2989 1824 3054 48,
1855 2989 1912 3049 3,
1956 2988 2042 3049 10,
2077 2988 2164 3055 28,
2192 2988 2249 3050 4,
2287 2987 2369 3054 22,
2394 2989 2443 3048 2,

1438 3059 1495 3122 4,
1535 3057 1625 3122 33,
1651 3058 1742 3123 36,
1768 3058 1826 3120 8,
1861 3056 1951 3120 38,
1981 3056 2069 3121 17,
2106 3058 2154 3107 7.
2177 3056 2445 3123 -Ιὶαίάα,

1441 3128 1521 3178 die
1545 3126 1711 3180 Bamb.
1738 3126 1824 3177 Hs.
1835 3124 2064 3192 fluvida,
2093 3141 2133 3175 s.
2162 3124 2282 3175 Tac.
2308 3124 2368 3175 H.
2395 3124 2444 3189 3,

1438 3195 1532 3258 28,
1553 3194 1755 3246 Lucret.
1778 3195 1826 3257 2,
1847 3193 1946 3245 463
1965 3210 2016 3243 ιι.
2036 3209 2109 3256 a.;
2137 3194 2267 3244 iiber-
2281 3193 2447 3259 fluere

1438 3281 1479 3317 8.
1509 3264 1554 3328 7,
1580 3263 1672 3329 29,
1699 3265 1757 3326 53
1796 3263 1883 3327 10,
1910 3262 1993 3327 28,
2019 3262 2067 3313 2.
2095 3291 2160 3299 --
2187 3262 2355 3313 deced.
2377 3280 2445 3330 p.,

1434 3333 1540 3398 vgl.
1563 3333 1744 3384 Justin.
1776 3332 1854 3396 18,
1883 3331 1998 3397 1,6:
2025 3330 2202 3382 cedere
2221 3330 2448 3398 proeli05

1437 3402 1538 3465 vgl.
1564 3400 1622 3451 L.
1648 3400 1729 3463 40,
1756 3400 1844 3463 58,
1868 3399 1919 3449 1:
1953 3401 2040 3450 via
2061 3398 2329 3461 decedere,·
2358 3398 2445 3450 de-

1434 3469 1610 3521 cedere
1617 3469 1761 3536 fid&
1784 3467 1865 3531 37,
1886 3466 1969 3531 54,
1990 3466 2046 3530 9,
2073 3466 2117 3530 3,
2139 3466 2221 3531 33,
2246 3466 2332 3518 10,
2358 3467 2447 3518 de·-

1435 3538 1615 3596 cedore
1645 3540 1760 3589 iure
1791 3551 1919 3594 suo;
1952 3536 2266 3598 gewfihnlieh
2297 3553 2448 3588 eoece-

1434 3607 1558 3658 dere
1584 3606 1800 3675 proelio.
1824 3632 1890 3639 —
1914 3608 2156 3668 restant„
2182 3605 2240 3667 4,
2267 3604 2357 3667 58,
2384 3605 2444 3666 4,

1439 3676 1486 3742 6,
1512 3675 1594 3738 30,
1621 3675 1650 3724 5
1677 3689 1726 3723 u.
1752 3688 1798 3723 a.
1819 3699 1889 3710 —-
1912 3688 2075 3744 recep.
2105 3700 2175 3710 —
2194 3674 2445 3742 perstitit,

1438 3743 1529 3793 der
1552 3741 1797 3794 Weclisel
1828 3741 1916 3792 des
1951 3740 2201 3793 Numerus
2233 3741 2330 3790 wie
2365 3739 2444 3805 24,

1439 3810 1522 3875 21,
1548 3810 1603 3872 8,
1632 3811 1681 3874 4,
1707 3810 1788 3874 27,
1812 3810 1869 3873 7,
1896 3810 1961 3861 ib.
1985 3810 2065 3874 16,
2087 3809 2134 3860 8.
2169 3809 2442 3859 creavit—

1436 3882 1637 3944 creant,
1678 3880 1779 3943 vgl.
1818 3895 1860 3929 c.
1899 3878 1946 3943 8,
1993 3877 2155 3928 1—2.
2194 3903 2261 3913 --
2301 3892 2444 3944 quae,

1437 3948 1550 3998 eine
1574 3948 1760 4000 andere
1784 3947 1966 3998 Lesart
1990 3947 2058 3996 ist
2080 3947 2188 4011 qui,
2216 3961 2260 3994 s.
2287 3943 2369 4008 21,
2395 3945 2444 4008 2,

1436 4016 1493 4078 2,
1519 4016 1658 4068 viell.
1684 4022 1738 4068 et
1758 4020 1859 4082 qui.
1878 4043 1947 4052 —
1968 4014 2084 4063 ltine
2107 4040 2174 4049 —-
2195 4014 2320 4078 fuit,
2339 4013 2443 4076 vgl.
