2861 4550
854 351 1050 406 unua
1073 316 1316 404 xxinv.
1378 351 1518 403 cAP.
1547 351 1628 404 58.
1653 351 1734 404 59.
2232 353 2353 416 345

232 381 272 410 ιι.
294 368 379 411 Ch.
402 368 501 409 193.

225 519 451 584 censet,
483 525 628 588 quas
649 508 828 571 urbes
838 525 1095 589 proavus
1112 506 1244 569 belli
1265 507 1390 569 iure
1409 506 1697 582 hahuerit,
1725 524 1864 568 avus
1880 514 2157 586 paterque
2178 523 2355 569 num-

229 614 407 677 quam
431 594 845 675 usurpaverint
873 613 982 675 pro
1016 594 1158 666 suia,
1191 612 1287 654 eas
1311 600 1573 672 repetere
1602 592 1664 653 in
1688 593 2045 667 servitutem,
2076 600 2133 654 et
2159 604 2361 673 popu-'
2402 606 2459 657 11

228 682 324 743 lus
355 681 665 743 Romanus
706 688 1043 761 susceptum
1084 678 1476 759 patrocinium
1517 678 1800 739 libertatis
1839 677 2196 739 Graecorum
2234 696 2358 738 non

231 767 507 828 deserere
550 765 686 827 fidei
716 764 1190 844 constantiaeque
1229 783 1368 825 suae
1406 763 1566 826 ducit
1584 783 1748 827 esse.
1820 763 1971 824 sicut
2014 783 2046 825 a
2085 762 2356 843 Philippo
2403 775 2463 824 12

230 851 538 913 Graeciam
567 850 846 924 liberavit,
877 851 955 911 ita
986 857 1044 910 et
1063 849 1133 910 ab
1151 849 1438 910 Antiocho
1463 849 1709 911 Graecas
1724 848 1893 910 Asiae
1920 848 2095 909 urbes
2115 847 2358 909 liberare

227 937 292 998 in
324 937 530 997 animo
562 936 753 997 habet.
797 953 985 1015 neque
1015 935 1170 995 enim
1211 934 1273 995 in
1301 935 1597 995 Aeolidem
1626 933 1965 1013 Ioniamque
1994 933 2257 995 coloniae
2295 933 2357 995 in
2402 942 2463 992 13

230 1023 574 1084 servitutem
604 1020 822 1099 regiam
855 1020 1069 1081 missae
1098 1027 1263 1091 sunt,
1306 1020 1409 1080 sed
1449 1019 1651 1099 stirpis
1681 1021 1980 1098 augendae
2011 1039 2183 1081 causa
2213 1036 2356 1098 gen-

226 1108 426 1188 tisque
464 1105 891 1167 vetustissimae
935 1123 1041 1185 per
1084 1105 1286 1166 orbem
1332 1113 1620 1167 terrarum
1658 1105 2125 1184 propagandae.“
2211 1102 2356 1167 Cum
2382 1106 2464 1166 59

229 1193 551 1255 haesitaret
572 1191 933 1270 Hegesianax
963 1208 1073 1251 nec
1103 1189 1334 1251 infitiari
1358 1199 1564 1269 posset
1591 1190 1991 1252 honestiorem
2022 1208 2255 1252 causam
2285 1190 2357 1250 li-

226 1278 475 1339 bertatis
494 1296 670 1356 quam
688 1276 980 1338 servitutis
1004 1275 1260 1355 praetexi
1282 1276 1467 1349 titulo,
1496 1276 1676 1355 „quin
1699 1276 1986 1338 mittimus
2001 1272 2358 1354 ambages?“

227 1363 423 1443 inquit
445 1364 511 1425 P.
540 1361 849 1441 SulpiciuS,
882 1361 981 1441 qui
1011 1361 1301 1422 maximus
1322 1369 1462 1423 natu
1493 1381 1562 1422 ex
1590 1362 1793 1422 decem
1821 1362 2022 1440 legatis
2053 1369 2198 1423 erat:
2235 1362 2358 1436 „al-
2400 1373 2430 1422 2

226 1456 417 1510 teram
450 1467 522 1508 ex
554 1446 780 1509 duabus
805 1446 1267 1519 condicionibuS‚
1298 1455 1447 1525 quae
1469 1447 1652 1508 modo
1674 1447 1888 1508 diserte
1916 1467 1948 1508 a
1971 1447 2242 1520 Quinctio
2272 1449 2356 1516 la-

226 1545 317 1595 tae
345 1541 524 1607 sunt,
561 1532 755 1611 legite,
794 1539 895 1592 aut
924 1530 1301 1611 supersedete
1339 1531 1409 1591 de
1438 1531 1684 1592 amicitia
1717 1537 1942 1609 agere.“
1983 1550 2142 1604 „nos
2173 1539 2354 1592 vero“
2400 1548 2430 1596 3

225 1619 419 1699 inquit
446 1618 758 1698 Menippus
787 1634 944 1691 „nec
971 1616 1241 1677 volumus
1282 1634 1393 1677 nec
1420 1634 1744 1695 possumus
1782 1616 1995 1695 pacisci
2027 1617 2354 1696 quicquam,

226 1723 345 1785 quo
376 1720 631 1782 regnum
660 1700 932 1763 Antiochi
961 1702 1317 1763 minuatur.“

398 1791 655 1851 Postero
695 1789 787 1849 die
816 1787 1123 1861 Quinctius
1161 1786 1480 1866 legationes
1521 1786 1818 1848 universas
1851 1786 2118 1847 Graeciae
2150 1787 2355 1849 Asiae·
2399 1799 2432 1848 4
2536 1862 2539 1869 Ι

225 1894 339 1955 que
365 1893 509 1937 cum
537 1873 598 1934 in
615 1880 882 1935 senatum
895 1873 1334 1948 introduxisset,
1365 1880 1432 1934 ut
1445 1872 1678 1946 scirent,
1707 1871 1859 1951 quali
1875 1873 2071 1933 animo
2102 1873 2357 1952 populus

225 1960 560 2032 RomanuS‚
592 1957 1081 2039 qualiAntiochus
1105 1977 1237 2038 erga
1253 1957 1506 2020 civitates
1531 1957 1800 2021 Graeciae
1825 1965 2039 2032 essent,
2067 1959 2357 2037 postulata

227 2055 285 2108 et
323 2047 491 2125 regis
530 2051 584 2104 et
623 2062 728 2105 sua
767 2043 1054 2123 exposuit.
1110 2043 1509 2105 renuntiarent
1548 2043 1869 2106 civitatibus
1910 2043 2032 2105 suis
2070 2045 2358 2124 populum
2399 2059 2430 2108 5

226 2131 602 2203 Romanum,
645 2148 758 2210 qua
795 2130 1004 2191 virtute
1033 2148 1260 2210 quaque
1298 2130 1412 2192 fide
1438 2130 1758 2192 libertatem
1789 2146 1994 2192 eorum
2026 2150 2057 2190 a
2086 2129 2357 2211 Philippo

228 2214 626 2289 vindicaverit,
660 2215 862 2278 eadem
892 2215 964 2277 ab
994 2214 1309 2293 Antiocho,
1339 2215 1456 2277 nisi
1486 2216 1725 2279 decedat
1750 2217 2006 2296 Europa,
2037 2215 2357 2279 vindicatu-

223 2321 377 2365 rum.
422 2310 560 2363 tum
591 2301 899 2381 Menippus
931 2301 1228 2381 deprecari
1258 2312 1315 2361 et
1343 2302 1681 2374 Quinctium
1713 2309 1772 2361 et
1798 2309 1995 2382 patres
2026 2301 2253 2376 institit,
2283 2321 2360 2363 ne
2401 2318 2432 2368 6

225 2515 307 2580 57,
338 2515 418 2580 10,
452 2511 554 2575 vgl.
579 2510 662 2575 21,
688 2512 769 2574 41,
796 2512 855 2575 73
884 2511 967 2576 31,
995 2511 1077 2577 29,
1105 2513 1152 2563 7.
1179 2541 1246 2550 —

223 2600 274 2633 n.
294 2597 549 2651 usurpav,
575 2580 655 2630 ihr
677 2579 836 2631 Recht
859 2580 950 2631 auf
969 2581 1244 2647 dieselben,

224 2651 300 2701 als
335 2653 493 2702 ihnen
528 2649 839 2713 gehorende,
878 2649 1010 2699 nieht
1042 2650 1245 2713 geltend

224 2722 488 2781 gemacht,
524 2732 579 2766 so
606 2717 722 2767 dass
748 2717 838 2767 der
859 2716 1050 2767 fremde
1075 2717 1244 2769 Besitz
1285 2753 1290 2754 ν

1356 2512 1496 2563 selbe
1516 2511 1711 2575 Begriff
1738 2511 1863 2576 liegt
1893 2512 1943 2562 in
1976 2515 2230 2580 praeteoei,
2256 2513 2361 2577 vgl.

1355 2579 1438 2640 37,
1467 2580 1547 2647 54,
1583 2580 1667 2630 13:
1704 2596 1852 2647 quem
1885 2581 2092 2632 titulum
2121 2585 2362 2649 praeten-

1354 2649 1535 2700 dorius
1591 2649 1838 2700 adversus
1884 2649 2178 2716 Philippum
2223 2649 2359 2710 belle}

1354 2718 1419 2767 ib.
1458 2716 1539 2782 53,
1574 2717 1663 2777 283
1702 2716 1821 2766 Tac.
1858 2715 1916 2765 H.
1953 2716 2001 2779 4,
2028 2715 2118 2766 73:
2154 2716 2362 2767 libertas

227 2787 362 2839 nicht
385 2785 761 2838 unterbrochen
796 2786 896 2835 und
930 2801 988 2835 so
1013 2786 1245 2850 verjiihrt

225 2854 309 2920 ist,
335 2872 377 2907 s.
406 2853 496 2916 33,
526 2853 605 2919 40,
634 2855 691 2914 53
727 2853 792 2904 ib.
817 2852 899 2917 38,
934 2852 994 2915 33
1031 2855 1077 2917 5,
1104 2854 1150 2917 2,
1182 2853 1241 2904 12

226 2939 275 2972 ιι.
312 2939 360 2975 a.
392 2950 469 2961 --
511 2925 562 2971 et
595 2922 810 2985 steigert
851 2923 930 2972 die
963 2920 1246 2973 Gleichheit

226 2991 314 3042 des
339 2990 546 3054 Falles‚
581 2991 679 3040 wie
704 2988 755 3055 ξ.
784 2990 814 3040 2
839 3007 887 3040 ιι.
915 2988 960 3056 3,
987 2992 1087 3040 und
1112 2991 1248 3041 steht

229 3059 358 3110 daun
391 3058 547 3111 meist
581 3074 659 3109 am
695 3057 924 3121 Ansange
958 3058 1046 3107 des
1082 3057 1246 3108 Nach—

229 3135 423 3178 sames,
448 3126 689 3193 -fidei,
727 3143 769 3177 s,
808 3142 851 3176 c.
879 3125 962 3187 49,
1000 3125 1088 3186 113
1124 3126 1249 3177 iiber

229 3196 309 3246 die
328 3197 620 3247 Consti-act.
648 3210 689 3243 s.
709 3194 792 3257 21,
812 3193 893 3257 41,
916 3191 995 3243 12.
1016 3220 1083 3229 —-
1101 3196 1247 3262 stirp.

229 3278 428 3382 aug-2⁸.
686 3261 821 3327 279)
838 3262 1249 3379 ἤμει.)

233 3346 633 3517 ξῦὲἓίιὸςέἰοεῐ,
660 3346 972 3463 81.ιιιέιὶ,ιιίι,ι7ὅ
1000 3345 1245 3464 2ῗιι115ῗΐ4ς

269 3503 283 3527 5
382 3505 396 3532 ι
460 3503 475 3516 ·

302 3593 409 3653 59.
441 3601 588 3651 1—3.
608 3601 884 3653 honestior.
904 3602 973 3653 ist
990 3619 1102 3654 zum
1119 3602 1247 3653 Prii-

233 3669 375 3722 dikat
411 3685 474 3719 zu
509 3671 741 3720 nehmen:
778 3670 856 3720 als
890 3671 1001 3721 eine
1034 3688 1084 3722 ιι.
1113 3687 1154 3721 s.
1179 3686 1246 3722 w.

232 3762 303 3775 -·—-
339 3737 485 3790 titulo
519 3738 714 3788 'scheiut
745 3738 895 3790 Dativ
942 3755 1005 3788 zu
1039 3739 1148 3790 sein
1178 3762 1248 3783 ==

233 3806 287 3854 in
320 3807 551 3873 tinctum,
591 3809 652 3857 ut
684 3809 758 3857 sit
793 3807 998 3871 titulus,
1040 3807 1246 3871 Angabe

236 3871 417 3923 desseu
459 3891 566 3927 was
599 3890 710 3926 man
754 3876 867 3925 thut
907 3876 1031 3925 oder
1063 3876 1244 3938 gethan

235 3938 339 4002 hat,
367 3941 414 3990 in
432 3944 601 4008 Bezug
619 3942 711 3994 auf
720 3942 991 3994 libertatis:
1014 3944 1091 3993 als
1110 3944 1244 3994 Aus-

236 4004 586 4077 hiiugeschild,
626 4013 729 4078 vgl.
765 4011 859 4077 25,
899 4010 994 4076 29,
1028 4012 1087 4075 5;
1131 4013 1245 4064 der·

1356 2791 1410 2837 et
1448 2788 1679 2853 speciosa
1717 2787 1925 2834 nomina
1959 2787 2361 2852 praetexuntur,

1352 2854 1455 2917 vgl.
1491 2852 1549 2902 L.
1585 2851 1676 2915 36,
1718 2851 1795 2914 17,
1832 2850 1912 2902 13.
1936 2879 2004 2888 -
2033 2850 2244 2919 Sulpie„
2283 2851 2362 2917 33,

1354 2921 1439 2971 24.
1465 2949 1532 2957 —
1566 2919 1781 2984 diserte,
1799 2919 2165 2970 ausdriicklich.
2190 2948 2259 2956 —
2290 2920 2361 2970 le-

1349 2992 1464 3055 gite
1484 3009 1555 3030 =
1577 2987 1773 3053 eligite,
1808 2988 1904 3037 wie
1940 2987 2107 3052 viell.,
2140 2988 2243 3051 vgl.
2279 2988 2360 3051 21,

1359 3056 1437 3118 18,
1468 3055 1555 3106 13:
1581 3058 1786 3120 sumite,
1812 3073 1875 3106 zu
1898 3056 2041 3124 lesen
2067 3057 2149 3107 ist.

1423 3123 1575 3175 4-8.
1612 3128 1850 3188 umbem,
1875 3126 1998 3174 nach
2020 3124 2069 3190 ξ.
2089 3124 2119 3174 6
2138 3126 2262 3175 auch
2282 3126 2361 3175 die

1355 3193 1444 3243 des
1467 3193 1763 3244 Antiochus.
1788 3222 1856 3230 —
1877 3197 2178 3257 renuntiar„
2210 3193 2363 3259 hiingt

1353 3261 1636 3313 von'einem
1670 3277 1761 3312 aus
1790 3265 2034 3331 exposuit
2058 3280 2122 3312 zu
2154 3264 2361 3313 entneh-

1354 3331 1567 3380 menden
1610 3330 1826 3394 Begriffe
1870 3331 1960 3380 der
1993 3331 2363 3395 Aufforderung

1354 3398 1448 3459 ab3
1485 3398 1566 3447 die
1592 3397 1919 3462 Aeusserung
1952 3399 2078 3448 wird
2104 3399 2225 3447 nach
2253 3399 2361 3450 dem

1355 3465 1787 3530 Zusammenhang
1804 3467 1914 3516 dem
1935 3465 2183 3531 Quintius,
2209 3467 2360 3532 nicht,

1353 3534 1451 3583 wie
1477 3548 1588 3584 man
1613 3541 1865 3585 erwarten
1891 3534 2069 3598 sollte,
2096 3536 2204 3585 dem
2228 3535 2364 3586 Vor-

1359 3602 1620 3652 sitzenden
1647 3604 1736 3652 des
1762 3601 2002 3666 Senatee,
2038 3604 2127 3654 der
2149 3605 2230 3654 die
2255 3603 2358 3654 An-

1357 3671 1488 3721 sieht
1508 3672 1598 3720 des
1625 3669 1838 3721 Senates
1875 3673 2204 3739 ausspriiche,
2240 3688 2280 3720 s.
2309 3674 2356 3736 §-

1356 3737 1413 3788 6:
1446 3739 1736 3801 decernere,
1763 3739 2038 3805 beigelegt‚
2074 3740 2193 3790 weil
2209 3738 2361 3803 jener

1355 3807 1436 3857 die
1476 3822 1633 3870 ganze
1676 3806 2032 3872 Verhandlung·
2073 3809 2136 3857 im
2170 3806 2359 3856 Numen

1355 3875 1445 3925 des
1470 3875 1684 3926 Senates
1708 3876 1910 3940 gefiihrt
1933 3878 2033 3936 hat,
2061 3891 2103 3926 s.
2130 3890 2173 3923 c.
2201 3874 2282 3939 57,
2308 3875 2356 3925 4.

1352 3969 1423 3982 -—-
1445 3943 1613 3997 deced.
1644 3944 1796 4010 Eur„
1831 3962 1872 3995 c.
1907 3944 1990 4006 47,
2024 3944 2080 4003 53
2119 3941 2201 4006 32,
2227 3942 2273 4009 7,
2298 3943 2356 4006 43

1354 4010 1421 4063 il).
1445 4012 1527 4079 34,
1552 4011 1613 4064 13
1633 4031 1682 4066 u.
1703 4029 1750 4065 a.
1773 4040 1842 4051 -
1863 4014 2042 4074 instit„
2068 4009 2150 4078 24,
2170 4009 2253 4075 26,
2278 4010 2355 4062 11.
